{"seed":[53542,20553,37701,54332,40639,8779,18968,7421,37566,14815,60101,10048],"turns":17,"p1":"Vlogger Joe","p2":"yveltalsdoom","p1team":[{"name":"Tapu Fini","species":"Tapu Fini","moves":["surf","calmmind","icebeam","moonblast"],"ability":"Misty Surge","evs":{"hp":85,"atk":0,"def":85,"spa":85,"spd":85,"spe":85},"ivs":{"hp":31,"atk":0,"def":31,"spa":31,"spd":31,"spe":31},"item":"Leftovers","level":75,"shiny":false},{"name":"Mr. Mime","species":"Mr. Mime","moves":["nastyplot","batonpass","psyshock","dazzlinggleam"],"ability":"Filter","evs":{"hp":85,"atk":0,"def":85,"spa":85,"spd":85,"spe":85},"ivs":{"hp":31,"atk":0,"def":31,"spa":31,"spd":31,"spe":31},"item":"Leftovers","level":79,"shiny":false},{"name":"Yveltal","species":"Yveltal","moves":["suckerpunch","foulplay","uturn","roost"],"ability":"Dark Aura","evs":{"hp":77,"atk":85,"def":85,"spa":85,"spd":85,"spe":85},"ivs":{"hp":31,"atk":31,"def":31,"spa":31,"spd":31,"spe":31},"item":"Leftovers","level":73,"shiny":false},{"name":"Drapion","species":"Drapion","moves":["knockoff","earthquake","toxicspikes","whirlwind"],"ability":"Sniper","evs":{"hp":85,"atk":85,"def":85,"spa":85,"spd":85,"spe":85},"ivs":{"hp":31,"atk":31,"def":31,"spa":31,"spd":31,"spe":31},"item":"Black Sludge","level":79,"shiny":false},{"name":"Galvantula","species":"Galvantula","moves":["voltswitch","gigadrain","stickyweb","bugbuzz"],"ability":"Swarm","evs":{"hp":81,"atk":0,"def":85,"spa":85,"spd":85,"spe":85},"ivs":{"hp":31,"atk":0,"def":31,"spa":31,"spd":31,"spe":31},"item":"Life Orb","level":79,"shiny":false},{"name":"Tentacruel","species":"Tentacruel","moves":["rapidspin","knockoff","scald","sludgebomb"],"ability":"Clear Body","evs":{"hp":85,"atk":85,"def":85,"spa":85,"spd":85,"spe":85},"ivs":{"hp":31,"atk":31,"def":31,"spa":31,"spd":31,"spe":31},"item":"Assault Vest","level":77,"shiny":false}],"p2team":[{"name":"Azelf","species":"Azelf","moves":["stealthrock","explosion","dazzlinggleam","psyshock"],"ability":"Levitate","evs":{"hp":85,"atk":85,"def":85,"spa":85,"spd":85,"spe":85},"ivs":{"hp":31,"atk":31,"def":31,"spa":31,"spd":31,"spe":31},"item":"Life Orb","level":77,"shiny":false},{"name":"Throh","species":"Throh","moves":["stormthrow","bulkup","knockoff","icepunch"],"ability":"Mold Breaker","evs":{"hp":85,"atk":85,"def":85,"spa":85,"spd":85,"spe":85},"ivs":{"hp":31,"atk":31,"def":31,"spa":31,"spd":31,"spe":31},"item":"Leftovers","level":79,"shiny":false},{"name":"Yanmega","species":"Yanmega","moves":["protect","gigadrain","bugbuzz","ancientpower"],"ability":"Speed Boost","evs":{"hp":85,"atk":0,"def":85,"spa":85,"spd":85,"spe":85},"ivs":{"hp":31,"atk":0,"def":31,"spa":31,"spd":31,"spe":31},"item":"Life Orb","level":79,"shiny":false},{"name":"Lickilicky","species":"Lickilicky","moves":["earthquake","swordsdance","wish","bodyslam"],"ability":"Cloud Nine","evs":{"hp":85,"atk":85,"def":85,"spa":85,"spd":85,"spe":85},"ivs":{"hp":31,"atk":31,"def":31,"spa":31,"spd":31,"spe":31},"item":"Leftovers","level":79,"shiny":false},{"name":"Sunflora","species":"Sunflora","moves":["earthpower","hiddenpowerfire","sunnyday","gigadrain"],"ability":"Chlorophyll","evs":{"hp":85,"atk":0,"def":85,"spa":85,"spd":85,"spe":85},"ivs":{"hp":31,"atk":0,"def":31,"spa":31,"spd":31,"spe":31},"item":"Life Orb","level":79,"shiny":false,"hpType":"Fire"},{"name":"Gliscor","species":"Gliscor","moves":["protect","toxic","roost","earthquake"],"ability":"Poison Heal","evs":{"hp":85,"atk":85,"def":85,"spa":85,"spd":85,"spe":85},"ivs":{"hp":31,"atk":31,"def":31,"spa":31,"spd":31,"spe":31},"item":"Toxic Orb","level":77,"shiny":false}],"log":["|player|p1|Vlogger Joe|1","|player|p2|yveltalsdoom|209","|raw|<div class=\"infobox\">Randomized teams of level-balanced Pok&eacute;mon with sets that are generated to be competitively viable.</div>","|gametype|singles","|gen|7","|tier|[Gen 7] Random Battle","|rated","|seed|53542,20553,37701,54332,40639,8779,18968,7421,37566,14815,60101,10048","|rule|Sleep Clause Mod: Limit one foe put to sleep","|rule|HP Percentage Mod: HP is shown in percentages","|","|start","|switch|p1a: Tapu Fini|Tapu Fini, L75|100/100","|switch|p2a: Azelf|Azelf, L77|100/100","|-fieldstart|move: Misty Terrain|[from] ability: Misty Surge|[of] p1a: Tapu Fini","|turn|1","|choice|move icebeam|move stealthrock","|","|move|p2a: Azelf|Stealth Rock|p1a: Tapu Fini","|-sidestart|p1: Vlogger Joe|move: Stealth Rock","|move|p1a: Tapu Fini|Ice Beam|p2a: Azelf","|-damage|p2a: Azelf|75/100","|","|upkeep","|turn|2","|choice|move icebeam|move dazzlinggleam","|","|move|p2a: Azelf|Dazzling Gleam|p1a: Tapu Fini","|-damage|p1a: Tapu Fini|72/100","|-damage|p2a: Azelf|65/100|[from] item: Life Orb","|move|p1a: Tapu Fini|Ice Beam|p2a: Azelf","|-damage|p2a: Azelf|36/100","|-status|p2a: Azelf|frz","|","|-heal|p1a: Tapu Fini|78/100|[from] item: Leftovers","|upkeep","|turn|3","|choice|move icebeam|move explosion","|","|cant|p2a: Azelf|frz","|move|p1a: Tapu Fini|Ice Beam|p2a: Azelf","|-damage|p2a: Azelf|9/100 frz","|","|-heal|p1a: Tapu Fini|84/100|[from] item: Leftovers","|upkeep","|turn|4","|choice|move moonblast|move explosion","|","|cant|p2a: Azelf|frz","|move|p1a: Tapu Fini|Moonblast|p2a: Azelf","|-damage|p2a: Azelf|0 fnt","|faint|p2a: Azelf","|","|-heal|p1a: Tapu Fini|90/100|[from] item: Leftovers","|upkeep","|choice||switch 4","|","|switch|p2a: Lickilicky|Lickilicky, L79, F|100/100","|-ability|p2a: Lickilicky|Cloud Nine","|turn|5","|choice|move icebeam|move swordsdance","|","|move|p1a: Tapu Fini|Ice Beam|p2a: Lickilicky","|-damage|p2a: Lickilicky|82/100","|move|p2a: Lickilicky|Swords Dance|p2a: Lickilicky","|-boost|p2a: Lickilicky|atk|2","|","|-heal|p1a: Tapu Fini|96/100|[from] item: Leftovers","|-heal|p2a: Lickilicky|88/100|[from] item: Leftovers","|-fieldend|Misty Terrain","|upkeep","|turn|6","|choice|move surf|move swordsdance","|","|move|p1a: Tapu Fini|Surf|p2a: Lickilicky","|-damage|p2a: Lickilicky|62/100","|move|p2a: Lickilicky|Swords Dance|p2a: Lickilicky","|-boost|p2a: Lickilicky|atk|2","|","|-heal|p1a: Tapu Fini|100/100|[from] item: Leftovers","|-heal|p2a: Lickilicky|68/100|[from] item: Leftovers","|upkeep","|turn|7","|choice|move surf|move wish","|","|move|p1a: Tapu Fini|Surf|p2a: Lickilicky","|-damage|p2a: Lickilicky|41/100","|move|p2a: Lickilicky|Wish|p2a: Lickilicky","|","|-heal|p2a: Lickilicky|47/100|[from] item: Leftovers","|upkeep","|turn|8","|choice|move surf|move swordsdance","|","|move|p1a: Tapu Fini|Surf|p2a: Lickilicky","|-damage|p2a: Lickilicky|22/100","|move|p2a: Lickilicky|Swords Dance|p2a: Lickilicky","|-boost|p2a: Lickilicky|atk|2","|","|-heal|p2a: Lickilicky|72/100|[from] move: Wish|[wisher] Lickilicky","|-heal|p2a: Lickilicky|78/100|[from] item: Leftovers","|upkeep","|turn|9","|choice|move surf|move wish","|","|move|p1a: Tapu Fini|Surf|p2a: Lickilicky","|-damage|p2a: Lickilicky|53/100","|move|p2a: Lickilicky|Wish|p2a: Lickilicky","|","|-heal|p2a: Lickilicky|59/100|[from] item: Leftovers","|upkeep","|turn|10","|choice|move surf|move bodyslam","|","|move|p1a: Tapu Fini|Surf|p2a: Lickilicky","|-damage|p2a: Lickilicky|33/100","|move|p2a: Lickilicky|Body Slam|p1a: Tapu Fini","|-damage|p1a: Tapu Fini|0 fnt","|faint|p1a: Tapu Fini","|","|-heal|p2a: Lickilicky|83/100|[from] move: Wish|[wisher] Lickilicky","|-heal|p2a: Lickilicky|89/100|[from] item: Leftovers","|upkeep","|choice|switch 2|","|","|switch|p1a: Mr. Mime|Mr. Mime, L79, F|100/100","|-damage|p1a: Mr. Mime|88/100|[from] Stealth Rock","|turn|11","|choice|move psyshock|move bodyslam","|","|move|p1a: Mr. Mime|Psyshock|p2a: Lickilicky","|-damage|p2a: Lickilicky|63/100","|move|p2a: Lickilicky|Body Slam|p1a: Mr. Mime","|-damage|p1a: Mr. Mime|0 fnt","|faint|p1a: Mr. Mime","|","|-heal|p2a: Lickilicky|69/100|[from] item: Leftovers","|upkeep","|choice|switch 4|","|","|switch|p1a: Drapion|Drapion, L79, M|100/100","|-damage|p1a: Drapion|88/100|[from] Stealth Rock","|turn|12","|choice|move toxicspikes|move earthquake","|","|move|p1a: Drapion|Toxic Spikes|p2a: Lickilicky","|-sidestart|p2: yveltalsdoom|move: Toxic Spikes","|move|p2a: Lickilicky|Earthquake|p1a: Drapion","|-supereffective|p1a: Drapion","|-crit|p1a: Drapion","|-damage|p1a: Drapion|0 fnt","|faint|p1a: Drapion","|","|-heal|p2a: Lickilicky|75/100|[from] item: Leftovers","|upkeep","|choice|switch 5|","|","|switch|p1a: Galvantula|Galvantula, L79, M|100/100","|-damage|p1a: Galvantula|76/100|[from] Stealth Rock","|turn|13","|choice|move gigadrain|move wish","|","|move|p1a: Galvantula|Giga Drain|p2a: Lickilicky","|-damage|p2a: Lickilicky|54/100","|-heal|p1a: Galvantula|90/100|[from] drain|[of] p2a: Lickilicky","|-damage|p1a: Galvantula|80/100|[from] item: Life Orb","|move|p2a: Lickilicky|Wish|p2a: Lickilicky","|","|-heal|p2a: Lickilicky|60/100|[from] item: Leftovers","|upkeep","|turn|14","|choice|move voltswitch|move earthquake","|","|move|p1a: Galvantula|Volt Switch|p2a: Lickilicky","|-damage|p2a: Lickilicky|31/100","|-damage|p1a: Galvantula|70/100|[from] item: Life Orb","|choice|switch 6|","|","|switch|p1a: Tentacruel|Tentacruel, L77, F|100/100","|-damage|p1a: Tentacruel|88/100|[from] Stealth Rock","|move|p2a: Lickilicky|Earthquake|p1a: Tentacruel","|-supereffective|p1a: Tentacruel","|-damage|p1a: Tentacruel|0 fnt","|faint|p1a: Tentacruel","|","|-heal|p2a: Lickilicky|81/100|[from] move: Wish|[wisher] Lickilicky","|-heal|p2a: Lickilicky|87/100|[from] item: Leftovers","|upkeep","|choice|switch 3|","|","|switch|p1a: Yveltal|Yveltal, L73|100/100","|-damage|p1a: Yveltal|76/100|[from] Stealth Rock","|-ability|p1a: Yveltal|Dark Aura","|turn|15","|choice|move suckerpunch|move bodyslam","|","|move|p1a: Yveltal|Sucker Punch|p2a: Lickilicky","|-damage|p2a: Lickilicky|57/100","|move|p2a: Lickilicky|Body Slam|p1a: Yveltal","|-damage|p1a: Yveltal|0 fnt","|faint|p1a: Yveltal","|","|-heal|p2a: Lickilicky|63/100|[from] item: Leftovers","|upkeep","|choice|switch 6|","|","|switch|p1a: Galvantula|Galvantula, L79, M|70/100","|-damage|p1a: Galvantula|46/100|[from] Stealth Rock","|turn|16","|choice|move gigadrain|move wish","|","|move|p1a: Galvantula|Giga Drain|p2a: Lickilicky","|-damage|p2a: Lickilicky|43/100","|-heal|p1a: Galvantula|59/100|[from] drain|[of] p2a: Lickilicky","|-damage|p1a: Galvantula|49/100|[from] item: Life Orb","|move|p2a: Lickilicky|Wish|p2a: Lickilicky","|","|-heal|p2a: Lickilicky|49/100|[from] item: Leftovers","|upkeep","|turn|17","|choice|move gigadrain|move earthquake","|","|move|p1a: Galvantula|Giga Drain|p2a: Lickilicky","|-damage|p2a: Lickilicky|29/100","|-heal|p1a: Galvantula|62/100|[from] drain|[of] p2a: Lickilicky","|-damage|p1a: Galvantula|52/100|[from] item: Life Orb","|move|p2a: Lickilicky|Earthquake|p1a: Galvantula","|-damage|p1a: Galvantula|0 fnt","|faint|p1a: Galvantula","|","|win|yveltalsdoom"],"p1rating":1000,"p2rating":1045,"endType":"normal","timestamp":"Wed Mar 08 2017 23:05:07 GMT+0000 (UTC)","id":"battle-gen7randombattle-23382","format":"gen7randombattle"}