{"seed":[52514,48497,50144,22751],"turns":32,"p1":"BatterBotto","p2":"FlareonDriod","p1team":[{"name":"Seismitoad","species":"Seismitoad","item":"leftovers","ability":"Water Absorb","moves":["stealthrock","scald","earthpower","toxic"],"nature":"Bold","evs":{"hp":248,"atk":0,"def":240,"spa":0,"spd":20,"spe":0},"gender":"M","ivs":{"hp":31,"atk":0,"def":31,"spa":31,"spd":31,"spe":31}},{"name":"Skarmory","species":"Skarmory","item":"rockyhelmet","ability":"Sturdy","moves":["spikes","ironhead","roost","whirlwind"],"nature":"Impish","evs":{"hp":248,"atk":0,"def":0,"spa":0,"spd":236,"spe":24},"gender":"F","ivs":{"hp":31,"atk":31,"def":31,"spa":31,"spd":31,"spe":31}},{"name":"Clefable","species":"Clefable","item":"leftovers","ability":"Magic Guard","moves":["calmmind","moonblast","flamethrower","softboiled"],"nature":"Calm","evs":{"hp":252,"atk":0,"def":160,"spa":0,"spd":96,"spe":0},"gender":"F","ivs":{"hp":31,"atk":0,"def":31,"spa":31,"spd":31,"spe":31}},{"name":"Tyranitar","species":"Tyranitar","item":"choiceband","ability":"Sand Stream","moves":["pursuit","stoneedge","crunch","icepunch"],"nature":"Adamant","evs":{"hp":56,"atk":252,"def":4,"spa":0,"spd":0,"spe":196},"gender":"M","ivs":{"hp":31,"atk":31,"def":31,"spa":31,"spd":31,"spe":31}},{"name":"Gengar","species":"Gengar","item":"choicescarf","ability":"Levitate","moves":["shadowball","sludgewave","focusblast","trick"],"nature":"Timid","evs":{"hp":0,"atk":0,"def":0,"spa":252,"spd":4,"spe":252},"gender":"M","ivs":{"hp":31,"atk":0,"def":31,"spa":31,"spd":31,"spe":31},"shiny":true},{"name":"Latias","species":"Latias","item":"latiasite","ability":"Levitate","moves":["thunderbolt","icebeam","roost","thunderwave"],"nature":"Timid","evs":{"hp":248,"atk":0,"def":32,"spa":12,"spd":0,"spe":216},"ivs":{"hp":31,"atk":0,"def":31,"spa":31,"spd":31,"spe":31}}],"p2team":[{"name":"Pinky","species":"weavile","item":"lifeorb","ability":"Pressure","moves":["knockoff","iciclecrash","iceshard","pursuit"],"nature":"Jolly","evs":{"hp":0,"atk":252,"def":4,"spa":0,"spd":0,"spe":252},"gender":"F","shiny":true,"ivs":{"hp":31,"atk":31,"def":31,"spa":31,"spd":31,"spe":31}},{"name":"Dog","species":"manectric","item":"manectite","ability":"Lightning Rod","moves":["voltswitch","thunderbolt","overheat","hiddenpowerice"],"nature":"Timid","evs":{"hp":0,"atk":0,"def":4,"spa":252,"spd":0,"spe":252},"gender":"F","ivs":{"hp":31,"atk":30,"def":30,"spa":31,"spd":31,"spe":31},"shiny":true},{"name":"Fatty","species":"azumarill","item":"choicescarf","ability":"Huge Power","moves":["playrough","aquajet","waterfall","superpower"],"nature":"Adamant","evs":{"hp":4,"atk":252,"def":0,"spa":0,"spd":0,"spe":252},"gender":"F","shiny":true,"ivs":{"hp":31,"atk":31,"def":31,"spa":31,"spd":31,"spe":31}},{"name":"Bird","species":"talonflame","item":"lifeorb","ability":"Gale Wings","moves":["bravebird","flareblitz","roost","willowisp"],"nature":"Adamant","evs":{"hp":252,"atk":252,"def":0,"spa":0,"spd":4,"spe":0},"shiny":true,"ivs":{"hp":31,"atk":31,"def":31,"spa":31,"spd":31,"spe":31}},{"name":"Super Fatty","species":"chansey","item":"eviolite","ability":"Natural Cure","moves":["healbell","wish","seismictoss","thunderwave"],"nature":"Bold","evs":{"hp":248,"atk":0,"def":8,"spa":0,"spd":252,"spe":0},"ivs":{"hp":31,"atk":31,"def":31,"spa":31,"spd":31,"spe":31}},{"name":"Horned","species":"excadrill","item":"lifeorb","ability":"Mold Breaker","moves":["earthquake","rockslide","stealthrock","rapidspin"],"nature":"Adamant","evs":{"hp":0,"atk":252,"def":0,"spa":0,"spd":4,"spe":252},"gender":"M","shiny":true,"ivs":{"hp":31,"atk":31,"def":31,"spa":31,"spd":31,"spe":31}}],"log":["|player|p1|BatterBotto|batterbotto.png","|player|p2|FlareonDriod|flareondriod.png","|gametype|singles","|gen|6","|tier|OU","|rated","|seed|52514,48497,50144,22751","|clearpoke","|poke|p1|Seismitoad, M|item","|poke|p1|Skarmory, F|item","|poke|p1|Clefable, F|item","|poke|p1|Tyranitar, M|item","|poke|p1|Gengar, M, shiny|item","|poke|p1|Latias, F|item","|poke|p2|Weavile, F, shiny|item","|poke|p2|Manectric, F, shiny|item","|poke|p2|Azumarill, F, shiny|item","|poke|p2|Talonflame, F, shiny|item","|poke|p2|Chansey, F|item","|poke|p2|Excadrill, M, shiny|item","|rule|Swagger Clause: Swagger is banned","|rule|Baton Pass Clause: Limit one Baton Passer, can't pass Spe and other stats simultaneously","|rule|Sleep Clause Mod: Limit one foe put to sleep","|rule|Species Clause: Limit one of each Pokémon","|rule|OHKO Clause: OHKO moves are banned","|rule|Moody Clause: Moody is banned","|rule|Evasion Moves Clause: Evasion moves are banned","|rule|Endless Battle Clause: Forcing endless battles is banned","|rule|HP Percentage Mod: HP is shown in percentages","|teampreview","|choice|team 6, team 1, team 2, team 3, team 4, team 5|team 3, team 1, team 2, team 4, team 5, team 6","|","|start","|switch|p1a: Latias|Latias, F|363/363","|switch|p2a: Fatty|Azumarill, F, shiny|342/342","|turn|1","|choice|switch 6|move playrough 1","|","|switch|p1a: Gengar|Gengar, M, shiny|261/261","|move|p2a: Fatty|Play Rough|p1a: Gengar","|-resisted|p1a: Gengar","|-damage|p1a: Gengar|118/261","|","|turn|2","|choice|move sludgewave|move playrough 1","|","|move|p1a: Gengar|Sludge Wave|p2a: Fatty","|-supereffective|p2a: Fatty","|-damage|p2a: Fatty|0 fnt","|faint|p2a: Fatty","|","|choice||switch 6","|","|switch|p2a: Horned|Excadrill, M, shiny|361/361","|-ability|p2a: Horned|Mold Breaker","|turn|3","|choice|switch 3|move earthquake","|","|switch|p1a: Skarmory|Skarmory, F|333/333","|move|p2a: Horned|Earthquake|p1a: Skarmory","|-immune|p1a: Skarmory|[msg]","|","|turn|4","|choice|move ironhead 1|move rockslide","|","|move|p2a: Horned|Rock Slide|p1a: Skarmory","|-damage|p1a: Skarmory|241/333","|-damage|p2a: Horned|325/361|[from] item: Life Orb","|move|p1a: Skarmory|Iron Head|p2a: Horned","|-resisted|p2a: Horned","|-damage|p2a: Horned|262/361","|","|turn|5","|choice|move ironhead 1|move rockslide","|","|move|p2a: Horned|Rock Slide|p1a: Skarmory","|-damage|p1a: Skarmory|150/333","|-damage|p2a: Horned|226/361|[from] item: Life Orb","|move|p1a: Skarmory|Iron Head|p2a: Horned","|-resisted|p2a: Horned","|-damage|p2a: Horned|170/361","|","|turn|6","|choice|move ironhead 1|move rockslide","|","|move|p2a: Horned|Rock Slide|p1a: Skarmory","|-damage|p1a: Skarmory|56/333","|-damage|p2a: Horned|134/361|[from] item: Life Orb","|move|p1a: Skarmory|Iron Head|p2a: Horned","|-resisted|p2a: Horned","|-damage|p2a: Horned|75/361","|","|turn|7","|choice|move spikes|move rockslide","|","|move|p2a: Horned|Rock Slide|p1a: Skarmory|[miss]","|-miss|p2a: Horned|p1a: Skarmory","|move|p1a: Skarmory|Spikes|p2a: Horned","|-sidestart|p2: FlareonDriod|Spikes","|","|turn|8","|choice|move roost|move rockslide","|","|move|p2a: Horned|Rock Slide|p1a: Skarmory","|-damage|p1a: Skarmory|0 fnt","|-damage|p2a: Horned|39/361|[from] item: Life Orb","|faint|p1a: Skarmory","|","|choice|switch 6|","|","|switch|p1a: Latias|Latias, F|363/363","|turn|9","|choice|move icebeam 1 mega|move earthquake","|","|detailschange|p1a: Latias|Latias-Mega, F","|-mega|p1a: Latias|Latias|Latiasite","|move|p1a: Latias|Ice Beam|p2a: Horned","|-damage|p2a: Horned|0 fnt","|faint|p2a: Horned","|","|choice||switch 2","|","|switch|p2a: Pinky|Weavile, F, shiny|281/281","|-damage|p2a: Pinky|246/281|[from] Spikes","|-ability|p2a: Pinky|Pressure","|turn|10","|choice|switch 5|move iciclecrash 1","|","|switch|p1a: Tyranitar|Tyranitar, M|355/355","|-weather|Sandstorm|[from] ability: Sand Stream|[of] p1a: Tyranitar","|move|p2a: Pinky|Icicle Crash|p1a: Tyranitar","|-damage|p1a: Tyranitar|198/355","|-damage|p2a: Pinky|218/281|[from] item: Life Orb","|","|-weather|Sandstorm|[upkeep]","|-damage|p2a: Pinky|201/281|[from] sandstorm","|turn|11","|choice|move stoneedge 1|move iciclecrash 1","|","|move|p2a: Pinky|Icicle Crash|p1a: Tyranitar","|-damage|p1a: Tyranitar|41/355","|-damage|p2a: Pinky|173/281|[from] item: Life Orb","|move|p1a: Tyranitar|Stone Edge|p2a: Pinky","|-supereffective|p2a: Pinky","|-damage|p2a: Pinky|0 fnt","|faint|p2a: Pinky","|","|-weather|Sandstorm|[upkeep]","|choice||switch 3","|","|switch|p2a: Dog|Manectric, F, shiny|281/281","|-damage|p2a: Dog|246/281|[from] Spikes","|turn|12","|choice|move stoneedge 1|move voltswitch 1 mega","|","|detailschange|p2a: Dog|Manectric-Mega, F, shiny","|-mega|p2a: Dog|Manectric|Manectite","|-ability|p2a: Dog|Intimidate|boost","|-unboost|p1a: Tyranitar|atk|1","|move|p2a: Dog|Volt Switch|p1a: Tyranitar","|-damage|p1a: Tyranitar|0 fnt","|faint|p1a: Tyranitar","|choice||switch 4","|","|switch|p2a: Bird|Talonflame, F, shiny|360/360","|","|-weather|Sandstorm|[upkeep]","|-damage|p2a: Bird|338/360|[from] sandstorm","|choice|switch 2|","|","|switch|p1a: Seismitoad|Seismitoad, M|413/413","|turn|13","|choice|move scald 1|move bravebird 1","|","|move|p2a: Bird|Brave Bird|p1a: Seismitoad","|-damage|p1a: Seismitoad|217/413","|-damage|p2a: Bird|273/360|[from] recoil|[of] p1a: Seismitoad","|-damage|p2a: Bird|237/360|[from] item: Life Orb","|move|p1a: Seismitoad|Scald|p2a: Bird","|-supereffective|p2a: Bird","|-damage|p2a: Bird|0 fnt","|faint|p2a: Bird","|","|-weather|Sandstorm|[upkeep]","|-heal|p1a: Seismitoad|242/413|[from] item: Leftovers","|choice||switch 5","|","|switch|p2a: Super Fatty|Chansey, F|703/703","|-damage|p2a: Super Fatty|616/703|[from] Spikes","|turn|14","|choice|switch 3|move wish","|","|switch|p1a: Gengar|Gengar, M, shiny|118/261","|move|p2a: Super Fatty|Wish|p2a: Super Fatty","|","|-weather|none","|turn|15","|choice|move focusblast 1|move thunderwave 1","|","|move|p1a: Gengar|Focus Blast|p2a: Super Fatty|[miss]","|-miss|p1a: Gengar|p2a: Super Fatty","|move|p2a: Super Fatty|Thunder Wave|p1a: Gengar","|-status|p1a: Gengar|par","|","|-heal|p2a: Super Fatty|703/703|[from] move: Wish|[wisher] Super Fatty","|turn|16","|choice|move focusblast 1|move wish","|","|move|p2a: Super Fatty|Wish|p2a: Super Fatty","|move|p1a: Gengar|Focus Blast|p2a: Super Fatty","|-supereffective|p2a: Super Fatty","|-damage|p2a: Super Fatty|559/703","|-unboost|p2a: Super Fatty|spd|1","|","|turn|17","|choice|move focusblast 1|switch 4","|","|switch|p2a: Dog|Manectric-Mega, F, shiny|246/281","|-damage|p2a: Dog|211/281|[from] Spikes","|-ability|p2a: Dog|Intimidate|boost","|-unboost|p1a: Gengar|atk|1","|move|p1a: Gengar|Focus Blast|p2a: Dog","|-damage|p2a: Dog|52/281","|","|-heal|p2a: Dog|281/281|[from] move: Wish|[wisher] Super Fatty","|turn|18","|choice|move focusblast 1|move voltswitch 1","|","|move|p2a: Dog|Volt Switch|p1a: Gengar","|-damage|p1a: Gengar|0 fnt","|faint|p1a: Gengar","|choice||switch 4","|","|switch|p2a: Super Fatty|Chansey, F|559/703","|-damage|p2a: Super Fatty|472/703|[from] Spikes","|","|choice|switch 3|","|","|switch|p1a: Seismitoad|Seismitoad, M|242/413","|turn|19","|choice|move stealthrock|move seismictoss 1","|","|move|p1a: Seismitoad|Stealth Rock|p2a: Super Fatty","|-sidestart|p2: FlareonDriod|move: Stealth Rock","|move|p2a: Super Fatty|Seismic Toss|p1a: Seismitoad","|-damage|p1a: Seismitoad|142/413","|","|-heal|p1a: Seismitoad|167/413|[from] item: Leftovers","|turn|20","|choice|move toxic 1|move wish","|","|move|p1a: Seismitoad|Toxic|p2a: Super Fatty","|-status|p2a: Super Fatty|tox","|move|p2a: Super Fatty|Wish|p2a: Super Fatty","|","|-heal|p1a: Seismitoad|192/413|[from] item: Leftovers","|-damage|p2a: Super Fatty|429/703 tox|[from] psn","|turn|21","|choice|move earthpower 1|move healbell","|","|move|p1a: Seismitoad|Earth Power|p2a: Super Fatty","|-damage|p2a: Super Fatty|384/703 tox","|move|p2a: Super Fatty|Heal Bell|p2a: Super Fatty","|-activate|p2a: Super Fatty|move: Heal Bell","|-curestatus|p2a: Super Fatty|tox|[msg]","|","|-heal|p2a: Super Fatty|703/703|[from] move: Wish|[wisher] Super Fatty","|-heal|p1a: Seismitoad|217/413|[from] item: Leftovers","|turn|22","|choice|move toxic 1|move wish","|","|move|p1a: Seismitoad|Toxic|p2a: Super Fatty","|-status|p2a: Super Fatty|tox","|move|p2a: Super Fatty|Wish|p2a: Super Fatty","|","|-heal|p1a: Seismitoad|242/413|[from] item: Leftovers","|-damage|p2a: Super Fatty|660/703 tox|[from] psn","|turn|23","|choice|move scald 1|move seismictoss 1","|","|move|p1a: Seismitoad|Scald|p2a: Super Fatty","|-damage|p2a: Super Fatty|617/703 tox","|move|p2a: Super Fatty|Seismic Toss|p1a: Seismitoad","|-damage|p1a: Seismitoad|142/413","|","|-heal|p2a: Super Fatty|703/703 tox|[from] move: Wish|[wisher] Super Fatty","|-heal|p1a: Seismitoad|167/413|[from] item: Leftovers","|-damage|p2a: Super Fatty|617/703 tox|[from] psn","|turn|24","|choice|move earthpower 1|move healbell","|","|move|p1a: Seismitoad|Earth Power|p2a: Super Fatty","|-damage|p2a: Super Fatty|571/703 tox","|-unboost|p2a: Super Fatty|spd|1","|move|p2a: Super Fatty|Heal Bell|p2a: Super Fatty","|-activate|p2a: Super Fatty|move: Heal Bell","|-curestatus|p2a: Super Fatty|tox|[msg]","|","|-heal|p1a: Seismitoad|192/413|[from] item: Leftovers","|turn|25","|choice|move scald 1|move wish","|","|move|p1a: Seismitoad|Scald|p2a: Super Fatty","|-crit|p2a: Super Fatty","|-damage|p2a: Super Fatty|472/703","|-status|p2a: Super Fatty|brn","|move|p2a: Super Fatty|Wish|p2a: Super Fatty","|","|-heal|p1a: Seismitoad|217/413|[from] item: Leftovers","|-damage|p2a: Super Fatty|385/703 brn|[from] brn","|turn|26","|choice|move earthpower 1|move healbell","|","|move|p1a: Seismitoad|Earth Power|p2a: Super Fatty","|-damage|p2a: Super Fatty|313/703 brn","|move|p2a: Super Fatty|Heal Bell|p2a: Super Fatty","|-activate|p2a: Super Fatty|move: Heal Bell","|-curestatus|p2a: Super Fatty|brn|[msg]","|","|-heal|p2a: Super Fatty|664/703|[from] move: Wish|[wisher] Super Fatty","|-heal|p1a: Seismitoad|242/413|[from] item: Leftovers","|turn|27","|choice|move toxic 1|move seismictoss 1","|","|move|p1a: Seismitoad|Toxic|p2a: Super Fatty","|-status|p2a: Super Fatty|tox","|move|p2a: Super Fatty|Seismic Toss|p1a: Seismitoad","|-damage|p1a: Seismitoad|142/413","|","|-heal|p1a: Seismitoad|167/413|[from] item: Leftovers","|-damage|p2a: Super Fatty|621/703 tox|[from] psn","|turn|28","|choice|move earthpower 1|move seismictoss 1","|","|move|p1a: Seismitoad|Earth Power|p2a: Super Fatty","|-crit|p2a: Super Fatty","|-damage|p2a: Super Fatty|519/703 tox","|move|p2a: Super Fatty|Seismic Toss|p1a: Seismitoad","|-damage|p1a: Seismitoad|67/413","|","|-heal|p1a: Seismitoad|92/413|[from] item: Leftovers","|-damage|p2a: Super Fatty|433/703 tox|[from] psn","|turn|29","|choice|move earthpower 1|move seismictoss 1","|","|move|p1a: Seismitoad|Earth Power|p2a: Super Fatty","|-damage|p2a: Super Fatty|363/703 tox","|move|p2a: Super Fatty|Seismic Toss|p1a: Seismitoad","|-damage|p1a: Seismitoad|0 fnt","|faint|p1a: Seismitoad","|","|-damage|p2a: Super Fatty|234/703 tox|[from] psn","|choice|switch 4|","|","|switch|p1a: Clefable|Clefable, F|394/394","|turn|30","|choice|move calmmind|switch 4","|","|-curestatus|p2a: Super Fatty|tox|[from] ability: Natural Cure","|switch|p2a: Dog|Manectric-Mega, F, shiny|281/281","|-damage|p2a: Dog|246/281|[from] Stealth Rock","|-damage|p2a: Dog|211/281|[from] Spikes","|-ability|p2a: Dog|Intimidate|boost","|-unboost|p1a: Clefable|atk|1","|move|p1a: Clefable|Calm Mind|p1a: Clefable","|-boost|p1a: Clefable|spa|1","|-boost|p1a: Clefable|spd|1","|","|turn|31","|choice|move moonblast 1|move overheat 1","|","|move|p2a: Dog|Overheat|p1a: Clefable","|-damage|p1a: Clefable|295/394","|-unboost|p2a: Dog|spa|2","|move|p1a: Clefable|Moonblast|p2a: Dog","|-damage|p2a: Dog|6/281","|-unboost|p2a: Dog|spa|1","|","|-heal|p1a: Clefable|319/394|[from] item: Leftovers","|turn|32","|choice|move moonblast 1|move voltswitch 1","|","|move|p2a: Dog|Volt Switch|p1a: Clefable","|-damage|p1a: Clefable|289/394","|choice||switch 4","|","|switch|p2a: Super Fatty|Chansey, F|234/703","|-damage|p2a: Super Fatty|147/703|[from] Stealth Rock","|-damage|p2a: Super Fatty|60/703|[from] Spikes","|move|p1a: Clefable|Moonblast|p2a: Super Fatty","|-damage|p2a: Super Fatty|0 fnt","|faint|p2a: Super Fatty","|","|-heal|p1a: Clefable|313/394|[from] item: Leftovers","|choice||switch 4","|","|switch|p2a: Dog|Manectric-Mega, F, shiny|6/281","|-damage|p2a: Dog|0 fnt|[from] Spikes","|faint|p2a: Dog","|","|win|BatterBotto"],"p1rating":1181.6383454163445,"p2rating":1139.243677299397,"endType":"normal"}