{"seed":[3454,42107,39322,36377],"turns":40,"p1":"FlareonDriod","p2":"BatterBotto","p1team":[{"name":"Pinky","species":"weavile","item":"lifeorb","ability":"Pressure","moves":["knockoff","iciclecrash","iceshard","pursuit"],"nature":"Jolly","evs":{"hp":0,"atk":252,"def":4,"spa":0,"spd":0,"spe":252},"gender":"F","shiny":true,"ivs":{"hp":31,"atk":31,"def":31,"spa":31,"spd":31,"spe":31}},{"name":"Dog","species":"manectric","item":"manectite","ability":"Lightning Rod","moves":["voltswitch","thunderbolt","overheat","hiddenpowerice"],"nature":"Timid","evs":{"hp":0,"atk":0,"def":4,"spa":252,"spd":0,"spe":252},"gender":"F","ivs":{"hp":31,"atk":30,"def":30,"spa":31,"spd":31,"spe":31},"shiny":true},{"name":"Fatty","species":"azumarill","item":"choicescarf","ability":"Huge Power","moves":["playrough","aquajet","waterfall","superpower"],"nature":"Adamant","evs":{"hp":4,"atk":252,"def":0,"spa":0,"spd":0,"spe":252},"gender":"F","shiny":true,"ivs":{"hp":31,"atk":31,"def":31,"spa":31,"spd":31,"spe":31}},{"name":"Bird","species":"talonflame","item":"lifeorb","ability":"Gale Wings","moves":["bravebird","flareblitz","roost","willowisp"],"nature":"Adamant","evs":{"hp":252,"atk":252,"def":0,"spa":0,"spd":4,"spe":0},"shiny":true,"ivs":{"hp":31,"atk":31,"def":31,"spa":31,"spd":31,"spe":31}},{"name":"Super Fatty","species":"chansey","item":"eviolite","ability":"Natural Cure","moves":["healbell","wish","seismictoss","thunderwave"],"nature":"Bold","evs":{"hp":248,"atk":0,"def":8,"spa":0,"spd":252,"spe":0},"ivs":{"hp":31,"atk":31,"def":31,"spa":31,"spd":31,"spe":31}},{"name":"Horned","species":"excadrill","item":"lifeorb","ability":"Mold Breaker","moves":["earthquake","rockslide","stealthrock","rapidspin"],"nature":"Adamant","evs":{"hp":0,"atk":252,"def":0,"spa":0,"spd":4,"spe":252},"gender":"M","shiny":true,"ivs":{"hp":31,"atk":31,"def":31,"spa":31,"spd":31,"spe":31}}],"p2team":[{"name":"Seismitoad","species":"Seismitoad","item":"leftovers","ability":"Water Absorb","moves":["stealthrock","scald","earthpower","toxic"],"nature":"Bold","evs":{"hp":248,"atk":0,"def":240,"spa":0,"spd":20,"spe":0},"gender":"M","ivs":{"hp":31,"atk":0,"def":31,"spa":31,"spd":31,"spe":31}},{"name":"Skarmory","species":"Skarmory","item":"rockyhelmet","ability":"Sturdy","moves":["spikes","ironhead","roost","whirlwind"],"nature":"Impish","evs":{"hp":248,"atk":0,"def":0,"spa":0,"spd":236,"spe":24},"gender":"F","ivs":{"hp":31,"atk":31,"def":31,"spa":31,"spd":31,"spe":31}},{"name":"Clefable","species":"Clefable","item":"leftovers","ability":"Magic Guard","moves":["calmmind","moonblast","flamethrower","softboiled"],"nature":"Calm","evs":{"hp":252,"atk":0,"def":160,"spa":0,"spd":96,"spe":0},"gender":"F","ivs":{"hp":31,"atk":0,"def":31,"spa":31,"spd":31,"spe":31}},{"name":"Tyranitar","species":"Tyranitar","item":"choiceband","ability":"Sand Stream","moves":["pursuit","stoneedge","crunch","icepunch"],"nature":"Adamant","evs":{"hp":56,"atk":252,"def":4,"spa":0,"spd":0,"spe":196},"gender":"M","ivs":{"hp":31,"atk":31,"def":31,"spa":31,"spd":31,"spe":31}},{"name":"Gengar","species":"Gengar","item":"choicescarf","ability":"Levitate","moves":["shadowball","sludgewave","focusblast","trick"],"nature":"Timid","evs":{"hp":0,"atk":0,"def":0,"spa":252,"spd":4,"spe":252},"gender":"M","ivs":{"hp":31,"atk":0,"def":31,"spa":31,"spd":31,"spe":31},"shiny":true},{"name":"Latias","species":"Latias","item":"latiasite","ability":"Levitate","moves":["thunderbolt","icebeam","roost","thunderwave"],"nature":"Timid","evs":{"hp":248,"atk":0,"def":32,"spa":12,"spd":0,"spe":216},"ivs":{"hp":31,"atk":0,"def":31,"spa":31,"spd":31,"spe":31}}],"log":["|player|p1|FlareonDriod|flareondriod.png","|player|p2|BatterBotto|batterbotto.png","|gametype|singles","|gen|6","|tier|OU","|rated","|seed|3454,42107,39322,36377","|clearpoke","|poke|p1|Weavile, F, shiny|item","|poke|p1|Manectric, F, shiny|item","|poke|p1|Azumarill, F, shiny|item","|poke|p1|Talonflame, F, shiny|item","|poke|p1|Chansey, F|item","|poke|p1|Excadrill, M, shiny|item","|poke|p2|Seismitoad, M|item","|poke|p2|Skarmory, F|item","|poke|p2|Clefable, F|item","|poke|p2|Tyranitar, M|item","|poke|p2|Gengar, M, shiny|item","|poke|p2|Latias, F|item","|rule|Swagger Clause: Swagger is banned","|rule|Baton Pass Clause: Limit one Baton Passer, can't pass Spe and other stats simultaneously","|rule|Sleep Clause Mod: Limit one foe put to sleep","|rule|Species Clause: Limit one of each Pokémon","|rule|OHKO Clause: OHKO moves are banned","|rule|Moody Clause: Moody is banned","|rule|Evasion Moves Clause: Evasion moves are banned","|rule|Endless Battle Clause: Forcing endless battles is banned","|rule|HP Percentage Mod: HP is shown in percentages","|teampreview","|choice|team 4, team 1, team 2, team 3, team 5, team 6|team 4, team 1, team 2, team 3, team 5, team 6","|","|start","|switch|p1a: Bird|Talonflame, F, shiny|360/360","|switch|p2a: Tyranitar|Tyranitar, M|355/355","|-weather|Sandstorm|[from] ability: Sand Stream|[of] p2a: Tyranitar","|turn|1","|choice|switch 6|move stoneedge 1","|","|switch|p1a: Horned|Excadrill, M, shiny|361/361","|-ability|p1a: Horned|Mold Breaker","|move|p2a: Tyranitar|Stone Edge|p1a: Horned","|-resisted|p1a: Horned","|-crit|p1a: Horned","|-damage|p1a: Horned|202/361","|","|-weather|Sandstorm|[upkeep]","|turn|2","|choice|move earthquake|switch 3","|","|switch|p2a: Skarmory|Skarmory, F|333/333","|move|p1a: Horned|Earthquake|p2a: Skarmory","|-immune|p2a: Skarmory|[msg]","|","|-weather|Sandstorm|[upkeep]","|turn|3","|choice|move rockslide|move spikes","|","|move|p1a: Horned|Rock Slide|p2a: Skarmory","|-damage|p2a: Skarmory|243/333","|-damage|p1a: Horned|166/361|[from] item: Life Orb","|move|p2a: Skarmory|Spikes|p1a: Horned","|-sidestart|p1: FlareonDriod|Spikes","|","|-weather|Sandstorm|[upkeep]","|turn|4","|choice|move rockslide|move spikes","|","|move|p1a: Horned|Rock Slide|p2a: Skarmory","|-damage|p2a: Skarmory|160/333","|-damage|p1a: Horned|130/361|[from] item: Life Orb","|move|p2a: Skarmory|Spikes|p1a: Horned","|-sidestart|p1: FlareonDriod|Spikes","|","|-weather|Sandstorm|[upkeep]","|turn|5","|choice|move rockslide|move roost","|","|move|p1a: Horned|Rock Slide|p2a: Skarmory","|-damage|p2a: Skarmory|74/333","|-damage|p1a: Horned|94/361|[from] item: Life Orb","|cant|p2a: Skarmory|flinch","|","|-weather|none","|turn|6","|choice|move rockslide|move spikes","|","|move|p1a: Horned|Rock Slide|p2a: Skarmory","|-damage|p2a: Skarmory|0 fnt","|-damage|p1a: Horned|58/361|[from] item: Life Orb","|faint|p2a: Skarmory","|","|choice||switch 2","|","|switch|p2a: Seismitoad|Seismitoad, M|413/413","|turn|7","|choice|move earthquake|move scald 1","|","|move|p1a: Horned|Earthquake|p2a: Seismitoad","|-damage|p2a: Seismitoad|175/413","|-damage|p1a: Horned|22/361|[from] item: Life Orb","|move|p2a: Seismitoad|Scald|p1a: Horned","|-supereffective|p1a: Horned","|-damage|p1a: Horned|0 fnt","|faint|p1a: Horned","|","|-heal|p2a: Seismitoad|200/413|[from] item: Leftovers","|choice|switch 4|","|","|switch|p1a: Fatty|Azumarill, F, shiny|342/342","|-damage|p1a: Fatty|285/342|[from] Spikes","|turn|8","|choice|move superpower 1|switch 5","|","|switch|p2a: Gengar|Gengar, M, shiny|261/261","|move|p1a: Fatty|Superpower|p2a: Gengar","|-immune|p2a: Gengar|[msg]","|","|turn|9","|choice|switch 5|move sludgewave","|","|switch|p1a: Super Fatty|Chansey, F|703/703","|-damage|p1a: Super Fatty|586/703|[from] Spikes","|move|p2a: Gengar|Sludge Wave|p1a: Super Fatty","|-damage|p1a: Super Fatty|499/703","|","|turn|10","|choice|move thunderwave 1|move sludgewave","|","|move|p2a: Gengar|Sludge Wave|p1a: Super Fatty","|-damage|p1a: Super Fatty|420/703","|move|p1a: Super Fatty|Thunder Wave|p2a: Gengar","|-status|p2a: Gengar|par","|","|turn|11","|choice|move wish|move sludgewave","|","|move|p1a: Super Fatty|Wish|p1a: Super Fatty","|move|p2a: Gengar|Sludge Wave|p1a: Super Fatty","|-damage|p1a: Super Fatty|327/703","|-status|p1a: Super Fatty|psn","|","|-damage|p1a: Super Fatty|240/703 psn|[from] psn","|turn|12","|choice|move healbell|move sludgewave","|","|move|p1a: Super Fatty|Heal Bell|p1a: Super Fatty","|-activate|p1a: Super Fatty|move: Heal Bell","|-curestatus|p1a: Super Fatty|psn|[msg]","|move|p2a: Gengar|Sludge Wave|p1a: Super Fatty","|-damage|p1a: Super Fatty|155/703","|","|-heal|p1a: Super Fatty|506/703|[from] move: Wish|[wisher] Super Fatty","|turn|13","|choice|move wish|move sludgewave","|","|move|p1a: Super Fatty|Wish|p1a: Super Fatty","|move|p2a: Gengar|Sludge Wave|p1a: Super Fatty","|-damage|p1a: Super Fatty|422/703","|","|turn|14","|choice|switch 2|move sludgewave","|","|switch|p1a: Pinky|Weavile, F, shiny|281/281","|-damage|p1a: Pinky|235/281|[from] Spikes","|-ability|p1a: Pinky|Pressure","|move|p2a: Gengar|Sludge Wave|p1a: Pinky","|-damage|p1a: Pinky|27/281","|","|-heal|p1a: Pinky|281/281|[from] move: Wish|[wisher] Super Fatty","|turn|15","|choice|move pursuit 1|move sludgewave","|","|move|p1a: Pinky|Pursuit|p2a: Gengar","|-supereffective|p2a: Gengar","|-damage|p2a: Gengar|0 fnt","|-damage|p1a: Pinky|253/281|[from] item: Life Orb","|faint|p2a: Gengar","|","|choice||switch 3","|","|switch|p2a: Tyranitar|Tyranitar, M|355/355","|-weather|Sandstorm|[from] ability: Sand Stream|[of] p2a: Tyranitar","|turn|16","|choice|move iciclecrash 1|move stoneedge 1","|","|move|p1a: Pinky|Icicle Crash|p2a: Tyranitar","|-damage|p2a: Tyranitar|168/355","|-damage|p1a: Pinky|225/281|[from] item: Life Orb","|move|p2a: Tyranitar|Stone Edge|p1a: Pinky","|-supereffective|p1a: Pinky","|-damage|p1a: Pinky|0 fnt","|faint|p1a: Pinky","|","|-weather|Sandstorm|[upkeep]","|choice|switch 5|","|","|switch|p1a: Fatty|Azumarill, F, shiny|285/342","|-damage|p1a: Fatty|228/342|[from] Spikes","|turn|17","|choice|move aquajet 1|move stoneedge 1","|","|move|p1a: Fatty|Aqua Jet|p2a: Tyranitar","|-supereffective|p2a: Tyranitar","|-damage|p2a: Tyranitar|0 fnt","|faint|p2a: Tyranitar","|","|-weather|Sandstorm|[upkeep]","|-damage|p1a: Fatty|207/342|[from] sandstorm","|choice||switch 5","|","|switch|p2a: Seismitoad|Seismitoad, M|200/413","|turn|18","|choice|move aquajet 1|move earthpower 1","|","|move|p1a: Fatty|Aqua Jet|p2a: Seismitoad","|-heal|p2a: Seismitoad|303/413|[from] ability: Water Absorb|[of] p1a: Fatty","|move|p2a: Seismitoad|Earth Power|p1a: Fatty","|-damage|p1a: Fatty|95/342","|","|-weather|Sandstorm|[upkeep]","|-damage|p1a: Fatty|74/342|[from] sandstorm","|-heal|p2a: Seismitoad|328/413|[from] item: Leftovers","|turn|19","|choice|switch 6|move earthpower 1","|","|switch|p1a: Bird|Talonflame, F, shiny|360/360","|move|p2a: Seismitoad|Earth Power|p1a: Bird","|-immune|p1a: Bird|[msg]","|","|-weather|Sandstorm|[upkeep]","|-damage|p1a: Bird|338/360|[from] sandstorm","|-heal|p2a: Seismitoad|353/413|[from] item: Leftovers","|turn|20","|choice|move bravebird 1|move stealthrock","|","|move|p1a: Bird|Brave Bird|p2a: Seismitoad","|-crit|p2a: Seismitoad","|-damage|p2a: Seismitoad|53/413","|-damage|p1a: Bird|239/360|[from] recoil|[of] p2a: Seismitoad","|-damage|p1a: Bird|203/360|[from] item: Life Orb","|move|p2a: Seismitoad|Stealth Rock|p1a: Bird","|-sidestart|p1: FlareonDriod|move: Stealth Rock","|","|-weather|none","|-heal|p2a: Seismitoad|78/413|[from] item: Leftovers","|turn|21","|choice|move bravebird 1|move scald 1","|","|move|p1a: Bird|Brave Bird|p2a: Seismitoad","|-damage|p2a: Seismitoad|0 fnt","|-damage|p1a: Bird|177/360|[from] recoil|[of] p2a: Seismitoad","|-damage|p1a: Bird|141/360|[from] item: Life Orb","|faint|p2a: Seismitoad","|","|choice||switch 6","|","|switch|p2a: Latias|Latias, F|363/363","|turn|22","|choice|move bravebird 1|move thunderbolt 1 mega","|","|detailschange|p2a: Latias|Latias-Mega, F","|-mega|p2a: Latias|Latias|Latiasite","|move|p1a: Bird|Brave Bird|p2a: Latias","|-damage|p2a: Latias|194/363","|-damage|p1a: Bird|85/360|[from] recoil|[of] p2a: Latias","|-damage|p1a: Bird|49/360|[from] item: Life Orb","|move|p2a: Latias|Thunderbolt|p1a: Bird","|-supereffective|p1a: Bird","|-damage|p1a: Bird|0 fnt","|faint|p1a: Bird","|","|choice|switch 6|","|","|switch|p1a: Fatty|Azumarill, F, shiny|74/342","|-damage|p1a: Fatty|17/342|[from] Spikes","|-damage|p1a: Fatty|0 fnt|[from] Stealth Rock","|faint|p1a: Fatty","|choice|switch 3|","|","|switch|p1a: Dog|Manectric, F, shiny|281/281","|-damage|p1a: Dog|235/281|[from] Spikes","|-damage|p1a: Dog|200/281|[from] Stealth Rock","|turn|23","|choice|move hiddenpower 1 mega|move icebeam 1","|","|detailschange|p1a: Dog|Manectric-Mega, F, shiny","|-mega|p1a: Dog|Manectric|Manectite","|-ability|p1a: Dog|Intimidate|boost","|-unboost|p2a: Latias|atk|1","|move|p2a: Latias|Ice Beam|p1a: Dog","|-damage|p1a: Dog|92/281","|move|p1a: Dog|Hidden Power|p2a: Latias","|-supereffective|p2a: Latias","|-damage|p2a: Latias|90/363","|","|turn|24","|choice|move hiddenpower 1|move icebeam 1","|","|move|p1a: Dog|Hidden Power|p2a: Latias","|-supereffective|p2a: Latias","|-damage|p2a: Latias|0 fnt","|faint|p2a: Latias","|","|choice||switch 4","|","|switch|p2a: Clefable|Clefable, F|394/394","|turn|25","|choice|move overheat 1|move moonblast 1","|","|move|p1a: Dog|Overheat|p2a: Clefable","|-damage|p2a: Clefable|253/394","|-unboost|p1a: Dog|spa|2","|move|p2a: Clefable|Moonblast|p1a: Dog","|-crit|p1a: Dog","|-damage|p1a: Dog|0 fnt","|faint|p1a: Dog","|","|-heal|p2a: Clefable|277/394|[from] item: Leftovers","|choice|switch 2|","|","|switch|p1a: Super Fatty|Chansey, F|422/703","|-damage|p1a: Super Fatty|335/703|[from] Stealth Rock","|-damage|p1a: Super Fatty|218/703|[from] Spikes","|turn|26","|choice|move seismictoss 1|move softboiled","|","|move|p2a: Clefable|Soft-Boiled|p2a: Clefable","|-heal|p2a: Clefable|394/394","|move|p1a: Super Fatty|Seismic Toss|p2a: Clefable","|-damage|p2a: Clefable|294/394","|","|-heal|p2a: Clefable|318/394|[from] item: Leftovers","|turn|27","|choice|move wish|move moonblast 1","|","|move|p2a: Clefable|Moonblast|p1a: Super Fatty","|-damage|p1a: Super Fatty|163/703","|move|p1a: Super Fatty|Wish|p1a: Super Fatty","|","|-heal|p2a: Clefable|342/394|[from] item: Leftovers","|turn|28","|choice|move thunderwave 1|move moonblast 1","|","|move|p2a: Clefable|Moonblast|p1a: Super Fatty","|-damage|p1a: Super Fatty|108/703","|move|p1a: Super Fatty|Thunder Wave|p2a: Clefable","|-status|p2a: Clefable|par","|","|-heal|p1a: Super Fatty|459/703|[from] move: Wish|[wisher] Super Fatty","|-heal|p2a: Clefable|366/394 par|[from] item: Leftovers","|turn|29","|choice|move seismictoss 1|move calmmind","|","|move|p1a: Super Fatty|Seismic Toss|p2a: Clefable","|-damage|p2a: Clefable|266/394 par","|cant|p2a: Clefable|par","|","|-heal|p2a: Clefable|290/394 par|[from] item: Leftovers","|turn|30","|choice|move seismictoss 1|move softboiled","|","|move|p1a: Super Fatty|Seismic Toss|p2a: Clefable","|-damage|p2a: Clefable|190/394 par","|move|p2a: Clefable|Soft-Boiled|p2a: Clefable","|-heal|p2a: Clefable|387/394 par","|","|-heal|p2a: Clefable|394/394 par|[from] item: Leftovers","|turn|31","|choice|move wish|move calmmind","|","|move|p1a: Super Fatty|Wish|p1a: Super Fatty","|cant|p2a: Clefable|par","|","|turn|32","|choice|move seismictoss 1|move flamethrower 1","|","|move|p1a: Super Fatty|Seismic Toss|p2a: Clefable","|-damage|p2a: Clefable|294/394 par","|move|p2a: Clefable|Flamethrower|p1a: Super Fatty","|-damage|p1a: Super Fatty|422/703","|","|-heal|p1a: Super Fatty|703/703|[from] move: Wish|[wisher] Super Fatty","|-heal|p2a: Clefable|318/394 par|[from] item: Leftovers","|turn|33","|choice|move wish|move flamethrower 1","|","|move|p1a: Super Fatty|Wish|p1a: Super Fatty","|cant|p2a: Clefable|par","|","|-heal|p2a: Clefable|342/394 par|[from] item: Leftovers","|turn|34","|choice|move seismictoss 1|move flamethrower 1","|","|move|p1a: Super Fatty|Seismic Toss|p2a: Clefable","|-damage|p2a: Clefable|242/394 par","|move|p2a: Clefable|Flamethrower|p1a: Super Fatty","|-damage|p1a: Super Fatty|667/703","|","|-heal|p1a: Super Fatty|703/703|[from] move: Wish|[wisher] Super Fatty","|-heal|p2a: Clefable|266/394 par|[from] item: Leftovers","|turn|35","|choice|move wish|move flamethrower 1","|","|move|p1a: Super Fatty|Wish|p1a: Super Fatty","|move|p2a: Clefable|Flamethrower|p1a: Super Fatty","|-damage|p1a: Super Fatty|670/703","|","|-heal|p2a: Clefable|290/394 par|[from] item: Leftovers","|turn|36","|choice|move seismictoss 1|move moonblast 1","|","|move|p1a: Super Fatty|Seismic Toss|p2a: Clefable","|-damage|p2a: Clefable|190/394 par","|move|p2a: Clefable|Moonblast|p1a: Super Fatty","|-damage|p1a: Super Fatty|615/703","|-unboost|p1a: Super Fatty|spa|1","|","|-heal|p1a: Super Fatty|703/703|[from] move: Wish|[wisher] Super Fatty","|-heal|p2a: Clefable|214/394 par|[from] item: Leftovers","|turn|37","|choice|move seismictoss 1|move moonblast 1","|","|move|p1a: Super Fatty|Seismic Toss|p2a: Clefable","|-damage|p2a: Clefable|114/394 par","|move|p2a: Clefable|Moonblast|p1a: Super Fatty","|-damage|p1a: Super Fatty|645/703","|","|-heal|p2a: Clefable|138/394 par|[from] item: Leftovers","|turn|38","|choice|move wish|move moonblast 1","|","|move|p1a: Super Fatty|Wish|p1a: Super Fatty","|move|p2a: Clefable|Moonblast|p1a: Super Fatty","|-damage|p1a: Super Fatty|587/703","|-unboost|p1a: Super Fatty|spa|1","|","|-heal|p2a: Clefable|162/394 par|[from] item: Leftovers","|turn|39","|choice|move seismictoss 1|move moonblast 1","|","|move|p1a: Super Fatty|Seismic Toss|p2a: Clefable","|-damage|p2a: Clefable|62/394 par","|move|p2a: Clefable|Moonblast|p1a: Super Fatty","|-damage|p1a: Super Fatty|527/703","|","|-heal|p1a: Super Fatty|703/703|[from] move: Wish|[wisher] Super Fatty","|-heal|p2a: Clefable|86/394 par|[from] item: Leftovers","|turn|40","|choice|move seismictoss 1|move moonblast 1","|","|move|p1a: Super Fatty|Seismic Toss|p2a: Clefable","|-damage|p2a: Clefable|0 fnt","|faint|p2a: Clefable","|","|win|FlareonDriod"],"p1rating":1224.738405248455,"p2rating":1126.286656536658,"endType":"normal"}