{"seed":[27647,49880,56999,12507],"turns":33,"p1":"BatterBotto","p2":"FlareonDriod","p1team":[{"name":"Seismitoad","species":"Seismitoad","item":"leftovers","ability":"Water Absorb","moves":["stealthrock","scald","earthpower","toxic"],"nature":"Bold","evs":{"hp":248,"atk":0,"def":240,"spa":0,"spd":20,"spe":0},"gender":"M","ivs":{"hp":31,"atk":0,"def":31,"spa":31,"spd":31,"spe":31}},{"name":"Skarmory","species":"Skarmory","item":"rockyhelmet","ability":"Sturdy","moves":["spikes","ironhead","roost","whirlwind"],"nature":"Impish","evs":{"hp":248,"atk":0,"def":0,"spa":0,"spd":236,"spe":24},"gender":"F","ivs":{"hp":31,"atk":31,"def":31,"spa":31,"spd":31,"spe":31}},{"name":"Clefable","species":"Clefable","item":"leftovers","ability":"Magic Guard","moves":["calmmind","moonblast","flamethrower","softboiled"],"nature":"Calm","evs":{"hp":252,"atk":0,"def":160,"spa":0,"spd":96,"spe":0},"gender":"F","ivs":{"hp":31,"atk":0,"def":31,"spa":31,"spd":31,"spe":31}},{"name":"Tyranitar","species":"Tyranitar","item":"choiceband","ability":"Sand Stream","moves":["pursuit","stoneedge","crunch","icepunch"],"nature":"Adamant","evs":{"hp":56,"atk":252,"def":4,"spa":0,"spd":0,"spe":196},"gender":"M","ivs":{"hp":31,"atk":31,"def":31,"spa":31,"spd":31,"spe":31}},{"name":"Gengar","species":"Gengar","item":"choicescarf","ability":"Levitate","moves":["shadowball","sludgewave","focusblast","trick"],"nature":"Timid","evs":{"hp":0,"atk":0,"def":0,"spa":252,"spd":4,"spe":252},"gender":"M","ivs":{"hp":31,"atk":0,"def":31,"spa":31,"spd":31,"spe":31},"shiny":true},{"name":"Latias","species":"Latias","item":"latiasite","ability":"Levitate","moves":["thunderbolt","icebeam","roost","thunderwave"],"nature":"Timid","evs":{"hp":248,"atk":0,"def":32,"spa":12,"spd":0,"spe":216},"ivs":{"hp":31,"atk":0,"def":31,"spa":31,"spd":31,"spe":31}}],"p2team":[{"name":"Beedrill","species":"Beedrill","item":"beedrillite","ability":"Swarm","moves":["uturn","poisonjab","drillrun","protect"],"nature":"Jolly","evs":{"hp":0,"atk":252,"def":0,"spa":0,"spd":4,"spe":252},"ivs":{"hp":31,"atk":31,"def":31,"spa":31,"spd":31,"spe":31}},{"name":"Whimsicott","species":"Whimsicott","item":"yacheberry","ability":"Prankster","moves":["gigadrain","moonblast","encore","uturn"],"nature":"Timid","evs":{"hp":0,"atk":0,"def":0,"spa":252,"spd":4,"spe":252},"ivs":{"hp":31,"atk":31,"def":31,"spa":31,"spd":31,"spe":31}},{"name":"Empoleon","species":"Empoleon","item":"leftovers","ability":"Torrent","moves":["scald","icebeam","stealthrock","defog"],"nature":"Calm","evs":{"hp":252,"atk":0,"def":0,"spa":4,"spd":252,"spe":0},"ivs":{"hp":31,"atk":0,"def":31,"spa":31,"spd":31,"spe":31}},{"name":"Reuniclus","species":"Reuniclus","item":"leftovers","ability":"Magic Guard","moves":["calmmind","psyshock","shadowball","recover"],"nature":"Bold","evs":{"hp":252,"atk":0,"def":252,"spa":4,"spd":0,"spe":0},"ivs":{"hp":31,"atk":0,"def":31,"spa":31,"spd":31,"spe":31}},{"name":"Toxicroak","species":"Toxicroak","item":"lifeorb","ability":"Dry Skin","moves":["swordsdance","gunkshot","drainpunch","suckerpunch"],"nature":"Jolly","evs":{"hp":0,"atk":252,"def":0,"spa":0,"spd":4,"spe":252},"ivs":{"hp":31,"atk":31,"def":31,"spa":31,"spd":31,"spe":31}},{"name":"Hydreigon","species":"Hydreigon","item":"choicescarf","ability":"Levitate","moves":["dracometeor","darkpulse","fireblast","uturn"],"nature":"Timid","evs":{"hp":0,"atk":0,"def":0,"spa":252,"spd":4,"spe":252},"ivs":{"hp":31,"atk":31,"def":31,"spa":31,"spd":31,"spe":31}}],"log":["|player|p1|BatterBotto|batterbotto.png","|player|p2|FlareonDriod|flareondriod.png","|gametype|singles","|gen|6","|tier|OU","|rated","|seed|27647,49880,56999,12507","|clearpoke","|poke|p1|Seismitoad, M|item","|poke|p1|Skarmory, F|item","|poke|p1|Clefable, F|item","|poke|p1|Tyranitar, M|item","|poke|p1|Gengar, M, shiny|item","|poke|p1|Latias, F|item","|poke|p2|Beedrill, M|item","|poke|p2|Whimsicott, M|item","|poke|p2|Empoleon, M|item","|poke|p2|Reuniclus, F|item","|poke|p2|Toxicroak, M|item","|poke|p2|Hydreigon, M|item","|rule|Swagger Clause: Swagger is banned","|rule|Baton Pass Clause: Limit one Baton Passer, can't pass Spe and other stats simultaneously","|rule|Sleep Clause Mod: Limit one foe put to sleep","|rule|Species Clause: Limit one of each Pokémon","|rule|OHKO Clause: OHKO moves are banned","|rule|Moody Clause: Moody is banned","|rule|Evasion Moves Clause: Evasion moves are banned","|rule|Endless Battle Clause: Forcing endless battles is banned","|rule|HP Percentage Mod: HP is shown in percentages","|teampreview","|choice|team 4, team 1, team 2, team 3, team 5, team 6|team 6, team 1, team 2, team 3, team 4, team 5","|","|start","|switch|p1a: Tyranitar|Tyranitar, M|355/355","|switch|p2a: Hydreigon|Hydreigon, M|325/325","|-weather|Sandstorm|[from] ability: Sand Stream|[of] p1a: Tyranitar","|turn|1","|choice|move stoneedge 1|move dracometeor 1","|","|move|p2a: Hydreigon|Draco Meteor|p1a: Tyranitar","|-crit|p1a: Tyranitar","|-damage|p1a: Tyranitar|148/355","|-unboost|p2a: Hydreigon|spa|2","|move|p1a: Tyranitar|Stone Edge|p2a: Hydreigon","|-damage|p2a: Hydreigon|10/325","|","|-weather|Sandstorm|[upkeep]","|-damage|p2a: Hydreigon|0 fnt|[from] sandstorm","|faint|p2a: Hydreigon","|choice||switch 6","|","|switch|p2a: Toxicroak|Toxicroak, M|307/307","|turn|2","|choice|switch 5|move drainpunch 1","|","|switch|p1a: Gengar|Gengar, M, shiny|261/261","|move|p2a: Toxicroak|Drain Punch|p1a: Gengar","|-immune|p1a: Gengar|[msg]","|","|-weather|Sandstorm|[upkeep]","|-damage|p1a: Gengar|245/261|[from] sandstorm","|-damage|p2a: Toxicroak|288/307|[from] sandstorm","|turn|3","|choice|move shadowball 1|move suckerpunch 1","|","|move|p2a: Toxicroak|Sucker Punch|p1a: Gengar","|-supereffective|p1a: Gengar","|-damage|p1a: Gengar|0 fnt","|-damage|p2a: Toxicroak|258/307|[from] item: Life Orb","|faint|p1a: Gengar","|","|-weather|Sandstorm|[upkeep]","|-damage|p2a: Toxicroak|239/307|[from] sandstorm","|choice|switch 3|","|","|switch|p1a: Skarmory|Skarmory, F|333/333","|turn|4","|choice|move spikes|move suckerpunch 1","|","|move|p2a: Toxicroak|Sucker Punch|p1a: Skarmory|[still]","|-fail|p2a: Toxicroak","|move|p1a: Skarmory|Spikes|p2a: Toxicroak","|-sidestart|p2: FlareonDriod|Spikes","|","|-weather|Sandstorm|[upkeep]","|-damage|p2a: Toxicroak|220/307|[from] sandstorm","|turn|5","|choice|move spikes|move suckerpunch 1","|","|move|p2a: Toxicroak|Sucker Punch|p1a: Skarmory|[still]","|-fail|p2a: Toxicroak","|move|p1a: Skarmory|Spikes|p2a: Toxicroak","|-sidestart|p2: FlareonDriod|Spikes","|","|-weather|none","|turn|6","|choice|move spikes|move suckerpunch 1","|","|move|p2a: Toxicroak|Sucker Punch|p1a: Skarmory|[still]","|-fail|p2a: Toxicroak","|move|p1a: Skarmory|Spikes|p2a: Toxicroak","|-sidestart|p2: FlareonDriod|Spikes","|","|turn|7","|choice|move ironhead 1|move suckerpunch 1","|","|move|p2a: Toxicroak|Sucker Punch|p1a: Skarmory","|-damage|p1a: Skarmory|256/333","|-damage|p2a: Toxicroak|169/307|[from] item: Rocky Helmet|[of] p1a: Skarmory","|-damage|p2a: Toxicroak|139/307|[from] item: Life Orb","|move|p1a: Skarmory|Iron Head|p2a: Toxicroak","|-damage|p2a: Toxicroak|31/307","|","|turn|8","|choice|move ironhead 1|move drainpunch 1","|","|move|p2a: Toxicroak|Drain Punch|p1a: Skarmory","|-damage|p1a: Skarmory|147/333","|-heal|p2a: Toxicroak|86/307|[from] drain|[of] p1a: Skarmory","|-damage|p2a: Toxicroak|35/307|[from] item: Rocky Helmet|[of] p1a: Skarmory","|-damage|p2a: Toxicroak|5/307|[from] item: Life Orb","|move|p1a: Skarmory|Iron Head|p2a: Toxicroak","|-damage|p2a: Toxicroak|0 fnt","|faint|p2a: Toxicroak","|","|choice||switch 4","|","|switch|p2a: Empoleon|Empoleon, M|372/372","|-damage|p2a: Empoleon|279/372|[from] Spikes","|turn|9","|choice|switch 2|move icebeam 1","|","|switch|p1a: Seismitoad|Seismitoad, M|413/413","|move|p2a: Empoleon|Ice Beam|p1a: Seismitoad","|-damage|p1a: Seismitoad|314/413","|","|-heal|p1a: Seismitoad|339/413|[from] item: Leftovers","|-heal|p2a: Empoleon|302/372|[from] item: Leftovers","|turn|10","|choice|move earthpower 1|switch 3","|","|switch|p2a: Whimsicott|Whimsicott, M|261/261","|-damage|p2a: Whimsicott|196/261|[from] Spikes","|move|p1a: Seismitoad|Earth Power|p2a: Whimsicott","|-resisted|p2a: Whimsicott","|-damage|p2a: Whimsicott|133/261","|","|-heal|p1a: Seismitoad|364/413|[from] item: Leftovers","|turn|11","|choice|switch 2|move gigadrain 1","|","|switch|p1a: Skarmory|Skarmory, F|147/333","|move|p2a: Whimsicott|Giga Drain|p1a: Skarmory","|-resisted|p1a: Skarmory","|-damage|p1a: Skarmory|126/333","|-heal|p2a: Whimsicott|144/261|[from] drain|[of] p1a: Skarmory","|","|turn|12","|choice|move ironhead 1|move moonblast 1","|","|move|p2a: Whimsicott|Moonblast|p1a: Skarmory","|-resisted|p1a: Skarmory","|-damage|p1a: Skarmory|61/333","|move|p1a: Skarmory|Iron Head|p2a: Whimsicott","|-supereffective|p2a: Whimsicott","|-damage|p2a: Whimsicott|0 fnt","|faint|p2a: Whimsicott","|","|choice||switch 3","|","|switch|p2a: Empoleon|Empoleon, M|302/372","|-damage|p2a: Empoleon|209/372|[from] Spikes","|turn|13","|choice|switch 2|move scald 1","|","|switch|p1a: Seismitoad|Seismitoad, M|364/413","|move|p2a: Empoleon|Scald|p1a: Seismitoad","|-heal|p1a: Seismitoad|413/413|[from] ability: Water Absorb|[of] p2a: Empoleon","|","|-heal|p2a: Empoleon|232/372|[from] item: Leftovers","|turn|14","|choice|move earthpower 1|switch 2","|","|switch|p2a: Beedrill|Beedrill, M|271/271","|-damage|p2a: Beedrill|204/271|[from] Spikes","|move|p1a: Seismitoad|Earth Power|p2a: Beedrill","|-damage|p2a: Beedrill|99/271","|","|turn|15","|choice|move scald 1|move uturn 1 mega","|","|detailschange|p2a: Beedrill|Beedrill-Mega, M","|-mega|p2a: Beedrill|Beedrill|Beedrillite","|move|p2a: Beedrill|U-turn|p1a: Seismitoad","|-damage|p1a: Seismitoad|253/413","|choice||switch 5","|","|switch|p2a: Reuniclus|Reuniclus, F|424/424","|move|p1a: Seismitoad|Scald|p2a: Reuniclus","|-damage|p2a: Reuniclus|331/424","|","|-heal|p1a: Seismitoad|278/413|[from] item: Leftovers","|-heal|p2a: Reuniclus|357/424|[from] item: Leftovers","|turn|16","|choice|switch 5|switch 5","|","|switch|p1a: Tyranitar|Tyranitar, M|148/355","|-weather|Sandstorm|[from] ability: Sand Stream|[of] p1a: Tyranitar","|switch|p2a: Beedrill|Beedrill-Mega, M|99/271","|-damage|p2a: Beedrill|32/271|[from] Spikes","|","|-weather|Sandstorm|[upkeep]","|-damage|p2a: Beedrill|16/271|[from] sandstorm","|turn|17","|choice|move icepunch 1|move drillrun 1","|","|move|p2a: Beedrill|Drill Run|p1a: Tyranitar","|-supereffective|p1a: Tyranitar","|-damage|p1a: Tyranitar|0 fnt","|faint|p1a: Tyranitar","|","|-weather|Sandstorm|[upkeep]","|-damage|p2a: Beedrill|0 fnt|[from] sandstorm","|faint|p2a: Beedrill","|choice|switch 2|switch 2","|","|switch|p1a: Skarmory|Skarmory, F|61/333","|switch|p2a: Empoleon|Empoleon, M|232/372","|-damage|p2a: Empoleon|139/372|[from] Spikes","|turn|18","|choice|switch 5|move icebeam 1","|","|switch|p1a: Seismitoad|Seismitoad, M|278/413","|move|p2a: Empoleon|Ice Beam|p1a: Seismitoad","|-damage|p1a: Seismitoad|185/413","|","|-weather|Sandstorm|[upkeep]","|-heal|p1a: Seismitoad|210/413|[from] item: Leftovers","|-heal|p2a: Empoleon|162/372|[from] item: Leftovers","|turn|19","|choice|move earthpower 1|switch 5","|","|switch|p2a: Reuniclus|Reuniclus, F|357/424","|move|p1a: Seismitoad|Earth Power|p2a: Reuniclus","|-damage|p2a: Reuniclus|246/424","|","|-weather|Sandstorm|[upkeep]","|-heal|p1a: Seismitoad|235/413|[from] item: Leftovers","|-heal|p2a: Reuniclus|272/424|[from] item: Leftovers","|turn|20","|choice|move toxic 1|move recover","|","|move|p1a: Seismitoad|Toxic|p2a: Reuniclus","|-status|p2a: Reuniclus|tox","|move|p2a: Reuniclus|Recover|p2a: Reuniclus","|-heal|p2a: Reuniclus|424/424 tox","|","|-weather|none","|-heal|p1a: Seismitoad|260/413|[from] item: Leftovers","|turn|21","|choice|switch 6|move calmmind","|","|switch|p1a: Latias|Latias, F|363/363","|move|p2a: Reuniclus|Calm Mind|p2a: Reuniclus","|-boost|p2a: Reuniclus|spa|1","|-boost|p2a: Reuniclus|spd|1","|","|turn|22","|choice|switch 5|move calmmind","|","|switch|p1a: Skarmory|Skarmory, F|61/333","|move|p2a: Reuniclus|Calm Mind|p2a: Reuniclus","|-boost|p2a: Reuniclus|spa|1","|-boost|p2a: Reuniclus|spd|1","|","|turn|23","|choice|move roost|move psyshock 1","|","|move|p1a: Skarmory|Roost|p1a: Skarmory","|-heal|p1a: Skarmory|228/333","|move|p2a: Reuniclus|Psyshock|p1a: Skarmory","|-resisted|p1a: Skarmory","|-damage|p1a: Skarmory|145/333","|","|turn|24","|choice|move roost|move shadowball 1","|","|move|p1a: Skarmory|Roost|p1a: Skarmory","|-heal|p1a: Skarmory|312/333","|move|p2a: Reuniclus|Shadow Ball|p1a: Skarmory","|-damage|p1a: Skarmory|161/333","|-unboost|p1a: Skarmory|spd|1","|","|turn|25","|choice|move ironhead 1|move shadowball 1","|","|move|p1a: Skarmory|Iron Head|p2a: Reuniclus","|-damage|p2a: Reuniclus|360/424 tox","|move|p2a: Reuniclus|Shadow Ball|p1a: Skarmory","|-damage|p1a: Skarmory|0 fnt","|faint|p1a: Skarmory","|","|-heal|p2a: Reuniclus|386/424 tox|[from] item: Leftovers","|choice|switch 5|","|","|switch|p1a: Latias|Latias, F|363/363","|turn|26","|choice|move thunderbolt 1 mega|move shadowball 1","|","|detailschange|p1a: Latias|Latias-Mega, F","|-mega|p1a: Latias|Latias|Latiasite","|move|p1a: Latias|Thunderbolt|p2a: Reuniclus","|-damage|p2a: Reuniclus|327/424 tox","|move|p2a: Reuniclus|Shadow Ball|p1a: Latias","|-supereffective|p1a: Latias","|-damage|p1a: Latias|159/363","|","|-heal|p2a: Reuniclus|353/424 tox|[from] item: Leftovers","|turn|27","|choice|move roost|move shadowball 1","|","|move|p1a: Latias|Roost|p1a: Latias","|-heal|p1a: Latias|341/363","|move|p2a: Reuniclus|Shadow Ball|p1a: Latias","|-supereffective|p1a: Latias","|-crit|p1a: Latias","|-damage|p1a: Latias|0 fnt","|faint|p1a: Latias","|","|-heal|p2a: Reuniclus|379/424 tox|[from] item: Leftovers","|choice|switch 6|","|","|switch|p1a: Seismitoad|Seismitoad, M|260/413","|turn|28","|choice|move earthpower 1|move calmmind","|","|move|p1a: Seismitoad|Earth Power|p2a: Reuniclus","|-damage|p2a: Reuniclus|330/424 tox","|move|p2a: Reuniclus|Calm Mind|p2a: Reuniclus","|-boost|p2a: Reuniclus|spa|1","|-boost|p2a: Reuniclus|spd|1","|","|-heal|p1a: Seismitoad|285/413|[from] item: Leftovers","|-heal|p2a: Reuniclus|356/424 tox|[from] item: Leftovers","|turn|29","|choice|move stealthrock|move psyshock 1","|","|move|p1a: Seismitoad|Stealth Rock|p2a: Reuniclus","|-sidestart|p2: FlareonDriod|move: Stealth Rock","|move|p2a: Reuniclus|Psyshock|p1a: Seismitoad","|-damage|p1a: Seismitoad|51/413","|","|-heal|p1a: Seismitoad|76/413|[from] item: Leftovers","|-heal|p2a: Reuniclus|382/424 tox|[from] item: Leftovers","|turn|30","|choice|move earthpower 1|move shadowball 1","|","|move|p1a: Seismitoad|Earth Power|p2a: Reuniclus","|-damage|p2a: Reuniclus|342/424 tox","|move|p2a: Reuniclus|Shadow Ball|p1a: Seismitoad","|-damage|p1a: Seismitoad|0 fnt","|faint|p1a: Seismitoad","|","|-heal|p2a: Reuniclus|368/424 tox|[from] item: Leftovers","|choice|switch 4|","|","|switch|p1a: Clefable|Clefable, F|394/394","|turn|31","|choice|move calmmind|move calmmind","|","|move|p1a: Clefable|Calm Mind|p1a: Clefable","|-boost|p1a: Clefable|spa|1","|-boost|p1a: Clefable|spd|1","|move|p2a: Reuniclus|Calm Mind|p2a: Reuniclus","|-boost|p2a: Reuniclus|spa|1","|-boost|p2a: Reuniclus|spd|1","|","|-heal|p2a: Reuniclus|394/424 tox|[from] item: Leftovers","|turn|32","|choice|move flamethrower 1|move calmmind","|","|move|p1a: Clefable|Flamethrower|p2a: Reuniclus","|-damage|p2a: Reuniclus|351/424 tox","|move|p2a: Reuniclus|Calm Mind|p2a: Reuniclus","|-boost|p2a: Reuniclus|spa|1","|-boost|p2a: Reuniclus|spd|1","|","|-heal|p2a: Reuniclus|377/424 tox|[from] item: Leftovers","|turn|33","|choice|move flamethrower 1|move psyshock 1","|","|move|p1a: Clefable|Flamethrower|p2a: Reuniclus","|-damage|p2a: Reuniclus|346/424 tox","|move|p2a: Reuniclus|Psyshock|p1a: Clefable","|-damage|p1a: Clefable|0 fnt","|faint|p1a: Clefable","|","|win|FlareonDriod"],"p1rating":1118.4085285773222,"p2rating":1215.2629332269807,"endType":"normal"}