{"seed":[38951,9168,18352,21463],"turns":33,"p1":"FlareonDriod","p2":"Elcrest ☢","p1team":[{"name":"Beedrill","species":"Beedrill","item":"beedrillite","ability":"Swarm","moves":["uturn","poisonjab","drillrun","protect"],"nature":"Jolly","evs":{"hp":0,"atk":252,"def":0,"spa":0,"spd":4,"spe":252},"ivs":{"hp":31,"atk":31,"def":31,"spa":31,"spd":31,"spe":31}},{"name":"Whimsicott","species":"Whimsicott","item":"yacheberry","ability":"Prankster","moves":["gigadrain","moonblast","encore","uturn"],"nature":"Timid","evs":{"hp":0,"atk":0,"def":0,"spa":252,"spd":4,"spe":252},"ivs":{"hp":31,"atk":31,"def":31,"spa":31,"spd":31,"spe":31}},{"name":"Empoleon","species":"Empoleon","item":"leftovers","ability":"Torrent","moves":["scald","icebeam","stealthrock","defog"],"nature":"Calm","evs":{"hp":252,"atk":0,"def":0,"spa":4,"spd":252,"spe":0},"ivs":{"hp":31,"atk":0,"def":31,"spa":31,"spd":31,"spe":31}},{"name":"Reuniclus","species":"Reuniclus","item":"leftovers","ability":"Magic Guard","moves":["calmmind","psyshock","shadowball","recover"],"nature":"Bold","evs":{"hp":252,"atk":0,"def":252,"spa":4,"spd":0,"spe":0},"ivs":{"hp":31,"atk":0,"def":31,"spa":31,"spd":31,"spe":31}},{"name":"Toxicroak","species":"Toxicroak","item":"lifeorb","ability":"Dry Skin","moves":["swordsdance","gunkshot","drainpunch","suckerpunch"],"nature":"Jolly","evs":{"hp":0,"atk":252,"def":0,"spa":0,"spd":4,"spe":252},"ivs":{"hp":31,"atk":31,"def":31,"spa":31,"spd":31,"spe":31}},{"name":"Hydreigon","species":"Hydreigon","item":"choicescarf","ability":"Levitate","moves":["dracometeor","darkpulse","fireblast","uturn"],"nature":"Timid","evs":{"hp":0,"atk":0,"def":0,"spa":252,"spd":4,"spe":252},"ivs":{"hp":31,"atk":31,"def":31,"spa":31,"spd":31,"spe":31}}],"p2team":[{"name":"Clefable","species":"Clefable","item":"leftovers","ability":"Magic Guard","moves":["cosmicpower","storedpower","moonblast","softboiled"],"nature":"Bold","evs":{"hp":4,"atk":0,"def":252,"spa":0,"spd":252,"spe":0},"ivs":{"hp":31,"atk":0,"def":31,"spa":31,"spd":31,"spe":31}},{"name":"Weavile","species":"Weavile","item":"focussash","ability":"Pressure","moves":["fakeout","knockoff","iciclecrash","brickbreak"],"nature":"Jolly","evs":{"hp":0,"atk":252,"def":0,"spa":0,"spd":4,"spe":252},"ivs":{"hp":31,"atk":31,"def":31,"spa":31,"spd":31,"spe":31}},{"name":"Sceptile","species":"Sceptile","item":"sceptilite","ability":"Overgrow","moves":["dragonpulse","energyball","focusblast","toxic"],"nature":"Timid","evs":{"hp":0,"atk":0,"def":0,"spa":252,"spd":4,"spe":252},"ivs":{"hp":31,"atk":0,"def":31,"spa":31,"spd":31,"spe":31}},{"name":"Hawlucha","species":"Hawlucha","item":"powerherb","ability":"Unburden","moves":["swordsdance","skyattack","acrobatics","highjumpkick"],"nature":"Jolly","evs":{"hp":0,"atk":252,"def":0,"spa":0,"spd":4,"spe":252},"ivs":{"hp":31,"atk":31,"def":31,"spa":31,"spd":31,"spe":31}},{"name":"Dragonite","species":"Dragonite","item":"weaknesspolicy","ability":"Multiscale","moves":["dragondance","extremespeed","outrage","brickbreak"],"nature":"Jolly","evs":{"hp":0,"atk":0,"def":252,"spa":0,"spd":252,"spe":4},"ivs":{"hp":31,"atk":31,"def":31,"spa":31,"spd":31,"spe":31}},{"name":"Alakazam","species":"Alakazam","item":"lifeorb","ability":"Magic Guard","moves":["energyball","focusblast","psychic","shadowball"],"nature":"Timid","evs":{"hp":0,"atk":0,"def":0,"spa":252,"spd":4,"spe":252},"ivs":{"hp":31,"atk":0,"def":31,"spa":31,"spd":31,"spe":31}}],"log":["|player|p1|FlareonDriod|flareondriod.png","|player|p2|Elcrest ☢|273","|gametype|singles","|gen|6","|tier|OU","|rated","|seed|38951,9168,18352,21463","|clearpoke","|poke|p1|Beedrill, M|item","|poke|p1|Whimsicott, M|item","|poke|p1|Empoleon, M|item","|poke|p1|Reuniclus, F|item","|poke|p1|Toxicroak, F|item","|poke|p1|Hydreigon, F|item","|poke|p2|Clefable, F|item","|poke|p2|Weavile, F|item","|poke|p2|Sceptile, M|item","|poke|p2|Hawlucha, M|item","|poke|p2|Dragonite, M|item","|poke|p2|Alakazam, F|item","|rule|Swagger Clause: Swagger is banned","|rule|Baton Pass Clause: Limit one Baton Passer, can't pass Spe and other stats simultaneously","|rule|Sleep Clause Mod: Limit one foe put to sleep","|rule|Species Clause: Limit one of each Pokémon","|rule|OHKO Clause: OHKO moves are banned","|rule|Moody Clause: Moody is banned","|rule|Evasion Moves Clause: Evasion moves are banned","|rule|Endless Battle Clause: Forcing endless battles is banned","|rule|HP Percentage Mod: HP is shown in percentages","|teampreview","|choice|team 5, team 1, team 2, team 3, team 4, team 6|team 4, team 2, team 3, team 1, team 5, team 6","|","|start","|switch|p1a: Toxicroak|Toxicroak, F|307/307","|switch|p2a: Hawlucha|Hawlucha, M|297/297","|turn|1","|choice|move gunkshot 1|move swordsdance","|","|move|p2a: Hawlucha|Swords Dance|p2a: Hawlucha","|-boost|p2a: Hawlucha|atk|2","|move|p1a: Toxicroak|Gunk Shot|p2a: Hawlucha","|-damage|p2a: Hawlucha|3/297","|-damage|p1a: Toxicroak|277/307|[from] item: Life Orb","|","|turn|2","|choice|move gunkshot 1|move skyattack","|","|move|p2a: Hawlucha|Sky Attack|p1a: Toxicroak|[still]","|-prepare|p2a: Hawlucha|Sky Attack|p1a: Toxicroak","|-enditem|p2a: Hawlucha|Power Herb","|-anim|p2a: Hawlucha|Sky Attack|p1a: Toxicroak","|-supereffective|p1a: Toxicroak","|-damage|p1a: Toxicroak|0 fnt","|faint|p1a: Toxicroak","|","|choice|switch 5|","|","|switch|p1a: Reuniclus|Reuniclus, F|424/424","|turn|3","|choice|move shadowball 1|move acrobatics","|","|move|p2a: Hawlucha|Acrobatics|p1a: Reuniclus","|-damage|p1a: Reuniclus|171/424","|move|p1a: Reuniclus|Shadow Ball|p2a: Hawlucha","|-damage|p2a: Hawlucha|0 fnt","|faint|p2a: Hawlucha","|","|-heal|p1a: Reuniclus|197/424|[from] item: Leftovers","|choice||switch 2","|","|switch|p2a: Weavile|Weavile, F|281/281","|-ability|p2a: Weavile|Pressure","|turn|4","|choice|switch 4|move fakeout","|","|switch|p1a: Empoleon|Empoleon, M|372/372","|move|p2a: Weavile|Fake Out|p1a: Empoleon","|-resisted|p1a: Empoleon","|-damage|p1a: Empoleon|347/372","|","|-heal|p1a: Empoleon|370/372|[from] item: Leftovers","|turn|5","|choice|move scald 1|move knockoff","|","|move|p2a: Weavile|Knock Off|p1a: Empoleon","|-damage|p1a: Empoleon|178/372","|-enditem|p1a: Empoleon|Leftovers|[from] move: Knock Off|[of] p2a: Weavile","|move|p1a: Empoleon|Scald|p2a: Weavile","|-damage|p2a: Weavile|163/281","|","|turn|6","|choice|move scald 1|move brickbreak","|","|move|p2a: Weavile|Brick Break|p1a: Empoleon","|-supereffective|p1a: Empoleon","|-damage|p1a: Empoleon|0 fnt","|faint|p1a: Empoleon","|","|choice|switch 2|","|","|switch|p1a: Beedrill|Beedrill, M|271/271","|turn|7","|choice|move poisonjab 1 mega|move knockoff","|","|detailschange|p1a: Beedrill|Beedrill-Mega, M","|-mega|p1a: Beedrill|Beedrill|Beedrillite","|move|p2a: Weavile|Knock Off|p1a: Beedrill","|-damage|p1a: Beedrill|55/271","|move|p1a: Beedrill|Poison Jab|p2a: Weavile","|-damage|p2a: Weavile|0 fnt","|faint|p2a: Weavile","|","|choice||switch 6","|","|switch|p2a: Alakazam|Alakazam, F|251/251","|turn|8","|choice|move poisonjab 1|move psychic","|","|move|p1a: Beedrill|Poison Jab|p2a: Alakazam","|-damage|p2a: Alakazam|0 fnt","|faint|p2a: Alakazam","|","|choice||switch 5","|","|switch|p2a: Dragonite|Dragonite, M|323/323","|turn|9","|choice|move poisonjab 1|move extremespeed","|","|move|p2a: Dragonite|Extreme Speed|p1a: Beedrill","|-damage|p1a: Beedrill|0 fnt","|faint|p1a: Beedrill","|","|choice|switch 3|","|","|switch|p1a: Whimsicott|Whimsicott, M|261/261","|turn|10","|choice|move moonblast 1|switch 4","|","|switch|p2a: Clefable|Clefable, F|332/332","|move|p1a: Whimsicott|Moonblast|p2a: Clefable","|-damage|p2a: Clefable|238/332","|","|-heal|p2a: Clefable|258/332|[from] item: Leftovers","|turn|11","|choice|move gigadrain 1|move cosmicpower","|","|move|p1a: Whimsicott|Giga Drain|p2a: Clefable","|-damage|p2a: Clefable|173/332","|move|p2a: Clefable|Cosmic Power|p2a: Clefable","|-boost|p2a: Clefable|def|1","|-boost|p2a: Clefable|spd|1","|","|-heal|p2a: Clefable|193/332|[from] item: Leftovers","|turn|12","|choice|move moonblast 1|move cosmicpower","|","|move|p1a: Whimsicott|Moonblast|p2a: Clefable","|-damage|p2a: Clefable|123/332","|move|p2a: Clefable|Cosmic Power|p2a: Clefable","|-boost|p2a: Clefable|def|1","|-boost|p2a: Clefable|spd|1","|","|-heal|p2a: Clefable|143/332|[from] item: Leftovers","|turn|13","|choice|move moonblast 1|move cosmicpower","|","|move|p1a: Whimsicott|Moonblast|p2a: Clefable","|-damage|p2a: Clefable|91/332","|move|p2a: Clefable|Cosmic Power|p2a: Clefable","|-boost|p2a: Clefable|def|1","|-boost|p2a: Clefable|spd|1","|","|-heal|p2a: Clefable|111/332|[from] item: Leftovers","|turn|14","|choice|move encore 1|move softboiled","|","|move|p1a: Whimsicott|Encore|p2a: Clefable","|-start|p2a: Clefable|Encore","|move|p2a: Clefable|Cosmic Power|p2a: Clefable","|-boost|p2a: Clefable|def|1","|-boost|p2a: Clefable|spd|1","|","|-heal|p2a: Clefable|131/332|[from] item: Leftovers","|turn|15","|choice|move gigadrain 1|move cosmicpower","|","|move|p1a: Whimsicott|Giga Drain|p2a: Clefable","|-damage|p2a: Clefable|106/332","|move|p2a: Clefable|Cosmic Power|p2a: Clefable","|-boost|p2a: Clefable|def|1","|-boost|p2a: Clefable|spd|1","|","|-heal|p2a: Clefable|126/332|[from] item: Leftovers","|turn|16","|choice|move moonblast 1|move cosmicpower","|","|move|p1a: Whimsicott|Moonblast|p2a: Clefable","|-damage|p2a: Clefable|96/332","|move|p2a: Clefable|Cosmic Power|p2a: Clefable","|-boost|p2a: Clefable|def|1","|-boost|p2a: Clefable|spd|1","|","|-heal|p2a: Clefable|116/332|[from] item: Leftovers","|-end|p2a: Clefable|Encore","|turn|17","|choice|move encore 1|move softboiled","|","|move|p1a: Whimsicott|Encore|p2a: Clefable","|-start|p2a: Clefable|Encore","|move|p2a: Clefable|Cosmic Power|p2a: Clefable","|-boost|p2a: Clefable|def|0","|-boost|p2a: Clefable|spd|0","|","|-heal|p2a: Clefable|136/332|[from] item: Leftovers","|turn|18","|choice|move encore 1|move cosmicpower","|","|move|p1a: Whimsicott|Encore|p2a: Clefable","|-fail|p2a: Clefable","|move|p2a: Clefable|Cosmic Power|p2a: Clefable","|-boost|p2a: Clefable|def|0","|-boost|p2a: Clefable|spd|0","|","|-heal|p2a: Clefable|156/332|[from] item: Leftovers","|turn|19","|choice|move gigadrain 1|move cosmicpower","|","|move|p1a: Whimsicott|Giga Drain|p2a: Clefable","|-damage|p2a: Clefable|134/332","|move|p2a: Clefable|Cosmic Power|p2a: Clefable","|-boost|p2a: Clefable|def|0","|-boost|p2a: Clefable|spd|0","|","|-heal|p2a: Clefable|154/332|[from] item: Leftovers","|-end|p2a: Clefable|Encore","|turn|20","|choice|move gigadrain 1|move softboiled","|","|move|p1a: Whimsicott|Giga Drain|p2a: Clefable","|-damage|p2a: Clefable|132/332","|move|p2a: Clefable|Soft-Boiled|p2a: Clefable","|-heal|p2a: Clefable|298/332","|","|-heal|p2a: Clefable|318/332|[from] item: Leftovers","|turn|21","|choice|move encore 1|move storedpower","|","|move|p1a: Whimsicott|Encore|p2a: Clefable","|-start|p2a: Clefable|Encore","|move|p2a: Clefable|Soft-Boiled|p2a: Clefable","|-heal|p2a: Clefable|332/332","|","|turn|22","|choice|move moonblast 1|move softboiled","|","|move|p1a: Whimsicott|Moonblast|p2a: Clefable","|-damage|p2a: Clefable|305/332","|-unboost|p2a: Clefable|spa|1","|move|p2a: Clefable|Soft-Boiled|p2a: Clefable","|-heal|p2a: Clefable|332/332","|","|turn|23","|choice|move moonblast 1|move softboiled","|","|move|p1a: Whimsicott|Moonblast|p2a: Clefable","|-damage|p2a: Clefable|305/332","|move|p2a: Clefable|Soft-Boiled|p2a: Clefable","|-heal|p2a: Clefable|332/332","|","|-end|p2a: Clefable|Encore","|turn|24","|choice|move gigadrain 1|move storedpower","|","|move|p1a: Whimsicott|Giga Drain|p2a: Clefable","|-damage|p2a: Clefable|310/332","|move|p2a: Clefable|Stored Power|p1a: Whimsicott","|-damage|p1a: Whimsicott|93/261","|","|-heal|p2a: Clefable|330/332|[from] item: Leftovers","|turn|25","|choice|move uturn 1|move storedpower","|","|move|p1a: Whimsicott|U-turn|p2a: Clefable","|-resisted|p2a: Clefable","|-damage|p2a: Clefable|326/332","|choice|switch 4|","|","|switch|p1a: Reuniclus|Reuniclus, F|197/424","|move|p2a: Clefable|Stored Power|p1a: Reuniclus","|-resisted|p1a: Reuniclus","|-damage|p1a: Reuniclus|118/424","|","|-heal|p2a: Clefable|332/332|[from] item: Leftovers","|-heal|p1a: Reuniclus|144/424|[from] item: Leftovers","|turn|26","|choice|switch 4|move moonblast","|","|switch|p1a: Whimsicott|Whimsicott, M|93/261","|move|p2a: Clefable|Moonblast|p1a: Whimsicott","|-damage|p1a: Whimsicott|0 fnt","|faint|p1a: Whimsicott","|","|choice|switch 4|","|","|switch|p1a: Reuniclus|Reuniclus, F|144/424","|turn|27","|choice|move psyshock 1|move moonblast","|","|move|p2a: Clefable|Moonblast|p1a: Reuniclus","|-damage|p1a: Reuniclus|62/424","|move|p1a: Reuniclus|Psyshock|p2a: Clefable","|-damage|p2a: Clefable|307/332","|","|-heal|p2a: Clefable|327/332|[from] item: Leftovers","|-heal|p1a: Reuniclus|88/424|[from] item: Leftovers","|turn|28","|choice|move psyshock 1|move moonblast","|","|move|p2a: Clefable|Moonblast|p1a: Reuniclus","|-damage|p1a: Reuniclus|12/424","|move|p1a: Reuniclus|Psyshock|p2a: Clefable","|-damage|p2a: Clefable|300/332","|","|-heal|p2a: Clefable|320/332|[from] item: Leftovers","|-heal|p1a: Reuniclus|38/424|[from] item: Leftovers","|turn|29","|choice|move recover|move moonblast","|","|move|p2a: Clefable|Moonblast|p1a: Reuniclus","|-damage|p1a: Reuniclus|0 fnt","|faint|p1a: Reuniclus","|","|-heal|p2a: Clefable|332/332|[from] item: Leftovers","|choice|switch 6|","|","|switch|p1a: Hydreigon|Hydreigon, F|325/325","|turn|30","|choice|move darkpulse 1|move moonblast","|","|move|p1a: Hydreigon|Dark Pulse|p2a: Clefable","|-resisted|p2a: Clefable","|-damage|p2a: Clefable|317/332","|cant|p2a: Clefable|flinch","|","|-heal|p2a: Clefable|332/332|[from] item: Leftovers","|turn|31","|choice|move darkpulse 1|move moonblast","|","|move|p1a: Hydreigon|Dark Pulse|p2a: Clefable","|-resisted|p2a: Clefable","|-damage|p2a: Clefable|317/332","|move|p2a: Clefable|Moonblast|p1a: Hydreigon","|-supereffective|p1a: Hydreigon","|-damage|p1a: Hydreigon|1/325","|","|-heal|p2a: Clefable|332/332|[from] item: Leftovers","|turn|32","|choice|move darkpulse 1|move storedpower","|","|move|p1a: Hydreigon|Dark Pulse|p2a: Clefable","|-resisted|p2a: Clefable","|-damage|p2a: Clefable|317/332","|move|p2a: Clefable|Stored Power|p1a: Hydreigon","|-immune|p1a: Hydreigon|[msg]","|","|-heal|p2a: Clefable|332/332|[from] item: Leftovers","|turn|33","|choice|move darkpulse 1|move moonblast","|","|move|p1a: Hydreigon|Dark Pulse|p2a: Clefable","|-resisted|p2a: Clefable","|-damage|p2a: Clefable|317/332","|move|p2a: Clefable|Moonblast|p1a: Hydreigon","|-supereffective|p1a: Hydreigon","|-damage|p1a: Hydreigon|0 fnt","|faint|p1a: Hydreigon","|","|win|Elcrest ☢"],"p1rating":1227.0586492390912,"p2rating":1191.7083803244095,"endType":"normal"}