{"seed":[23020,54257,65405,26224],"turns":64,"p1":"BatterBotto","p2":"Elcrest ☢","p1team":[{"name":"Seismitoad","species":"Seismitoad","item":"leftovers","ability":"Water Absorb","moves":["stealthrock","scald","earthpower","toxic"],"nature":"Bold","evs":{"hp":248,"atk":0,"def":240,"spa":0,"spd":20,"spe":0},"gender":"M","ivs":{"hp":31,"atk":0,"def":31,"spa":31,"spd":31,"spe":31}},{"name":"Skarmory","species":"Skarmory","item":"rockyhelmet","ability":"Sturdy","moves":["spikes","ironhead","roost","whirlwind"],"nature":"Impish","evs":{"hp":248,"atk":0,"def":0,"spa":0,"spd":236,"spe":24},"gender":"F","ivs":{"hp":31,"atk":31,"def":31,"spa":31,"spd":31,"spe":31}},{"name":"Clefable","species":"Clefable","item":"leftovers","ability":"Magic Guard","moves":["calmmind","moonblast","flamethrower","softboiled"],"nature":"Calm","evs":{"hp":252,"atk":0,"def":160,"spa":0,"spd":96,"spe":0},"gender":"F","ivs":{"hp":31,"atk":0,"def":31,"spa":31,"spd":31,"spe":31}},{"name":"Tyranitar","species":"Tyranitar","item":"choiceband","ability":"Sand Stream","moves":["pursuit","stoneedge","crunch","icepunch"],"nature":"Adamant","evs":{"hp":56,"atk":252,"def":4,"spa":0,"spd":0,"spe":196},"gender":"M","ivs":{"hp":31,"atk":31,"def":31,"spa":31,"spd":31,"spe":31}},{"name":"Gengar","species":"Gengar","item":"choicescarf","ability":"Levitate","moves":["shadowball","sludgewave","focusblast","trick"],"nature":"Timid","evs":{"hp":0,"atk":0,"def":0,"spa":252,"spd":4,"spe":252},"gender":"M","ivs":{"hp":31,"atk":0,"def":31,"spa":31,"spd":31,"spe":31},"shiny":true},{"name":"Latias","species":"Latias","item":"latiasite","ability":"Levitate","moves":["thunderbolt","icebeam","roost","thunderwave"],"nature":"Timid","evs":{"hp":248,"atk":0,"def":32,"spa":12,"spd":0,"spe":216},"ivs":{"hp":31,"atk":0,"def":31,"spa":31,"spd":31,"spe":31}}],"p2team":[{"name":"Clefable","species":"Clefable","item":"leftovers","ability":"Magic Guard","moves":["cosmicpower","storedpower","moonblast","softboiled"],"nature":"Bold","evs":{"hp":4,"atk":0,"def":252,"spa":0,"spd":252,"spe":0},"ivs":{"hp":31,"atk":0,"def":31,"spa":31,"spd":31,"spe":31}},{"name":"Weavile","species":"Weavile","item":"focussash","ability":"Pressure","moves":["fakeout","knockoff","iciclecrash","brickbreak"],"nature":"Jolly","evs":{"hp":0,"atk":252,"def":0,"spa":0,"spd":4,"spe":252},"ivs":{"hp":31,"atk":31,"def":31,"spa":31,"spd":31,"spe":31}},{"name":"Sceptile","species":"Sceptile","item":"sceptilite","ability":"Overgrow","moves":["dragonpulse","energyball","focusblast","toxic"],"nature":"Timid","evs":{"hp":0,"atk":0,"def":0,"spa":252,"spd":4,"spe":252},"ivs":{"hp":31,"atk":0,"def":31,"spa":31,"spd":31,"spe":31}},{"name":"Hawlucha","species":"Hawlucha","item":"powerherb","ability":"Unburden","moves":["swordsdance","skyattack","acrobatics","highjumpkick"],"nature":"Jolly","evs":{"hp":0,"atk":252,"def":0,"spa":0,"spd":4,"spe":252},"ivs":{"hp":31,"atk":31,"def":31,"spa":31,"spd":31,"spe":31}},{"name":"Dragonite","species":"Dragonite","item":"weaknesspolicy","ability":"Multiscale","moves":["dragondance","extremespeed","outrage","brickbreak"],"nature":"Jolly","evs":{"hp":0,"atk":0,"def":252,"spa":0,"spd":252,"spe":4},"ivs":{"hp":31,"atk":31,"def":31,"spa":31,"spd":31,"spe":31}},{"name":"Breloom","species":"Breloom","item":"focussash","ability":"Technician","moves":["spore","machpunch","swordsdance","rockslide"],"nature":"Adamant","evs":{"hp":0,"atk":252,"def":0,"spa":0,"spd":4,"spe":252},"ivs":{"hp":31,"atk":31,"def":31,"spa":31,"spd":31,"spe":31}}],"log":["|player|p1|BatterBotto|batterbotto.png","|player|p2|Elcrest ☢|273","|gametype|singles","|gen|6","|tier|OU","|rated","|seed|23020,54257,65405,26224","|clearpoke","|poke|p1|Seismitoad, M|item","|poke|p1|Skarmory, F|item","|poke|p1|Clefable, F|item","|poke|p1|Tyranitar, M|item","|poke|p1|Gengar, M, shiny|item","|poke|p1|Latias, F|item","|poke|p2|Clefable, F|item","|poke|p2|Weavile, M|item","|poke|p2|Sceptile, F|item","|poke|p2|Hawlucha, M|item","|poke|p2|Dragonite, F|item","|poke|p2|Breloom, F|item","|rule|Swagger Clause: Swagger is banned","|rule|Baton Pass Clause: Limit one Baton Passer, can't pass Spe and other stats simultaneously","|rule|Sleep Clause Mod: Limit one foe put to sleep","|rule|Species Clause: Limit one of each Pokémon","|rule|OHKO Clause: OHKO moves are banned","|rule|Moody Clause: Moody is banned","|rule|Evasion Moves Clause: Evasion moves are banned","|rule|Endless Battle Clause: Forcing endless battles is banned","|rule|HP Percentage Mod: HP is shown in percentages","|teampreview","|choice|team 6, team 1, team 2, team 3, team 4, team 5|team 6, team 2, team 3, team 4, team 5, team 1","|","|start","|switch|p1a: Latias|Latias, F|363/363","|switch|p2a: Breloom|Breloom, F|261/261","|turn|1","|choice|move icebeam 1 mega|move spore","|","|detailschange|p1a: Latias|Latias-Mega, F","|-mega|p1a: Latias|Latias|Latiasite","|move|p1a: Latias|Ice Beam|p2a: Breloom","|-supereffective|p2a: Breloom","|-enditem|p2a: Breloom|Focus Sash","|-damage|p2a: Breloom|1/261","|move|p2a: Breloom|Spore|p1a: Latias","|-status|p1a: Latias|slp","|","|turn|2","|choice|move icebeam 1|move swordsdance","|","|cant|p1a: Latias|slp","|move|p2a: Breloom|Swords Dance|p2a: Breloom","|-boost|p2a: Breloom|atk|2","|","|turn|3","|choice|move thunderbolt 1|move rockslide","|","|-curestatus|p1a: Latias|slp|[msg]","|move|p1a: Latias|Thunderbolt|p2a: Breloom","|-resisted|p2a: Breloom","|-damage|p2a: Breloom|0 fnt","|faint|p2a: Breloom","|","|choice||switch 2","|","|switch|p2a: Weavile|Weavile, M|281/281","|-ability|p2a: Weavile|Pressure","|turn|4","|choice|switch 5|move fakeout","|","|switch|p1a: Tyranitar|Tyranitar, M|355/355","|-weather|Sandstorm|[from] ability: Sand Stream|[of] p1a: Tyranitar","|move|p2a: Weavile|Fake Out|p1a: Tyranitar","|-resisted|p1a: Tyranitar","|-damage|p1a: Tyranitar|334/355","|","|-weather|Sandstorm|[upkeep]","|-damage|p2a: Weavile|264/281|[from] sandstorm","|turn|5","|choice|move stoneedge 1|move brickbreak","|","|move|p2a: Weavile|Brick Break|p1a: Tyranitar","|-supereffective|p1a: Tyranitar","|-damage|p1a: Tyranitar|6/355","|move|p1a: Tyranitar|Stone Edge|p2a: Weavile","|-supereffective|p2a: Weavile","|-damage|p2a: Weavile|0 fnt","|faint|p2a: Weavile","|","|-weather|Sandstorm|[upkeep]","|choice||switch 5","|","|switch|p2a: Dragonite|Dragonite, F|323/323","|turn|6","|choice|move stoneedge 1|move extremespeed","|","|move|p2a: Dragonite|Extreme Speed|p1a: Tyranitar","|-resisted|p1a: Tyranitar","|-damage|p1a: Tyranitar|0 fnt","|faint|p1a: Tyranitar","|","|-weather|Sandstorm|[upkeep]","|-damage|p2a: Dragonite|303/323|[from] sandstorm","|choice|switch 4|","|","|switch|p1a: Clefable|Clefable, F|394/394","|turn|7","|choice|move calmmind|switch 6","|","|switch|p2a: Clefable|Clefable, F|332/332","|move|p1a: Clefable|Calm Mind|p1a: Clefable","|-boost|p1a: Clefable|spa|1","|-boost|p1a: Clefable|spd|1","|","|-weather|Sandstorm|[upkeep]","|turn|8","|choice|switch 6|move cosmicpower","|","|switch|p1a: Gengar|Gengar, M, shiny|261/261","|move|p2a: Clefable|Cosmic Power|p2a: Clefable","|-boost|p2a: Clefable|def|1","|-boost|p2a: Clefable|spd|1","|","|-weather|none","|turn|9","|choice|move sludgewave|move cosmicpower","|","|move|p1a: Gengar|Sludge Wave|p2a: Clefable","|-supereffective|p2a: Clefable","|-damage|p2a: Clefable|150/332","|move|p2a: Clefable|Cosmic Power|p2a: Clefable","|-boost|p2a: Clefable|def|1","|-boost|p2a: Clefable|spd|1","|","|-heal|p2a: Clefable|170/332|[from] item: Leftovers","|turn|10","|choice|move sludgewave|move softboiled","|","|move|p1a: Gengar|Sludge Wave|p2a: Clefable","|-supereffective|p2a: Clefable","|-damage|p2a: Clefable|30/332","|move|p2a: Clefable|Soft-Boiled|p2a: Clefable","|-heal|p2a: Clefable|196/332","|","|-heal|p2a: Clefable|216/332|[from] item: Leftovers","|turn|11","|choice|move sludgewave|move softboiled","|","|move|p1a: Gengar|Sludge Wave|p2a: Clefable","|-supereffective|p2a: Clefable","|-damage|p2a: Clefable|72/332","|move|p2a: Clefable|Soft-Boiled|p2a: Clefable","|-heal|p2a: Clefable|238/332","|","|-heal|p2a: Clefable|258/332|[from] item: Leftovers","|turn|12","|choice|move sludgewave|move softboiled","|","|move|p1a: Gengar|Sludge Wave|p2a: Clefable","|-supereffective|p2a: Clefable","|-damage|p2a: Clefable|102/332","|move|p2a: Clefable|Soft-Boiled|p2a: Clefable","|-heal|p2a: Clefable|268/332","|","|-heal|p2a: Clefable|288/332|[from] item: Leftovers","|turn|13","|choice|move sludgewave|move softboiled","|","|move|p1a: Gengar|Sludge Wave|p2a: Clefable","|-supereffective|p2a: Clefable","|-damage|p2a: Clefable|154/332","|move|p2a: Clefable|Soft-Boiled|p2a: Clefable","|-heal|p2a: Clefable|320/332","|","|-heal|p2a: Clefable|332/332|[from] item: Leftovers","|turn|14","|choice|move sludgewave|move cosmicpower","|","|move|p1a: Gengar|Sludge Wave|p2a: Clefable","|-supereffective|p2a: Clefable","|-damage|p2a: Clefable|180/332","|move|p2a: Clefable|Cosmic Power|p2a: Clefable","|-boost|p2a: Clefable|def|1","|-boost|p2a: Clefable|spd|1","|","|-heal|p2a: Clefable|200/332|[from] item: Leftovers","|turn|15","|choice|move sludgewave|move softboiled","|","|move|p1a: Gengar|Sludge Wave|p2a: Clefable","|-supereffective|p2a: Clefable","|-damage|p2a: Clefable|84/332","|move|p2a: Clefable|Soft-Boiled|p2a: Clefable","|-heal|p2a: Clefable|250/332","|","|-heal|p2a: Clefable|270/332|[from] item: Leftovers","|turn|16","|choice|move sludgewave|move cosmicpower","|","|move|p1a: Gengar|Sludge Wave|p2a: Clefable","|-supereffective|p2a: Clefable","|-damage|p2a: Clefable|144/332","|move|p2a: Clefable|Cosmic Power|p2a: Clefable","|-boost|p2a: Clefable|def|1","|-boost|p2a: Clefable|spd|1","|","|-heal|p2a: Clefable|164/332|[from] item: Leftovers","|turn|17","|choice|move sludgewave|move softboiled","|","|move|p1a: Gengar|Sludge Wave|p2a: Clefable","|-supereffective|p2a: Clefable","|-damage|p2a: Clefable|62/332","|move|p2a: Clefable|Soft-Boiled|p2a: Clefable","|-heal|p2a: Clefable|228/332","|","|-heal|p2a: Clefable|248/332|[from] item: Leftovers","|turn|18","|choice|move sludgewave|move cosmicpower","|","|move|p1a: Gengar|Sludge Wave|p2a: Clefable","|-supereffective|p2a: Clefable","|-damage|p2a: Clefable|144/332","|move|p2a: Clefable|Cosmic Power|p2a: Clefable","|-boost|p2a: Clefable|def|1","|-boost|p2a: Clefable|spd|1","|","|-heal|p2a: Clefable|164/332|[from] item: Leftovers","|turn|19","|choice|move sludgewave|move softboiled","|","|move|p1a: Gengar|Sludge Wave|p2a: Clefable","|-supereffective|p2a: Clefable","|-damage|p2a: Clefable|72/332","|move|p2a: Clefable|Soft-Boiled|p2a: Clefable","|-heal|p2a: Clefable|238/332","|","|-heal|p2a: Clefable|258/332|[from] item: Leftovers","|turn|20","|choice|move sludgewave|move cosmicpower","|","|move|p1a: Gengar|Sludge Wave|p2a: Clefable","|-supereffective|p2a: Clefable","|-damage|p2a: Clefable|168/332","|move|p2a: Clefable|Cosmic Power|p2a: Clefable","|-boost|p2a: Clefable|def|1","|-boost|p2a: Clefable|spd|1","|","|-heal|p2a: Clefable|188/332|[from] item: Leftovers","|turn|21","|choice|move sludgewave|move softboiled","|","|move|p1a: Gengar|Sludge Wave|p2a: Clefable","|-supereffective|p2a: Clefable","|-damage|p2a: Clefable|116/332","|move|p2a: Clefable|Soft-Boiled|p2a: Clefable","|-heal|p2a: Clefable|282/332","|","|-heal|p2a: Clefable|302/332|[from] item: Leftovers","|turn|22","|choice|move sludgewave|move storedpower","|","|move|p1a: Gengar|Sludge Wave|p2a: Clefable","|-supereffective|p2a: Clefable","|-damage|p2a: Clefable|228/332","|move|p2a: Clefable|Stored Power|p1a: Gengar","|-supereffective|p1a: Gengar","|-crit|p1a: Gengar","|-damage|p1a: Gengar|0 fnt","|faint|p1a: Gengar","|","|-heal|p2a: Clefable|248/332|[from] item: Leftovers","|choice|switch 3|","|","|switch|p1a: Skarmory|Skarmory, F|333/333","|turn|23","|choice|move whirlwind 1|move softboiled","|","|move|p2a: Clefable|Soft-Boiled|p2a: Clefable","|-heal|p2a: Clefable|332/332","|move|p1a: Skarmory|Whirlwind|p2a: Clefable","|drag|p2a: Hawlucha|Hawlucha, M|297/297","|","|turn|24","|choice|switch 6|move highjumpkick","|","|switch|p1a: Clefable|Clefable, F|394/394","|move|p2a: Hawlucha|High Jump Kick|p1a: Clefable","|-resisted|p1a: Clefable","|-damage|p1a: Clefable|304/394","|","|-heal|p1a: Clefable|328/394|[from] item: Leftovers","|turn|25","|choice|move calmmind|move swordsdance","|","|move|p2a: Hawlucha|Swords Dance|p2a: Hawlucha","|-boost|p2a: Hawlucha|atk|2","|move|p1a: Clefable|Calm Mind|p1a: Clefable","|-boost|p1a: Clefable|spa|1","|-boost|p1a: Clefable|spd|1","|","|-heal|p1a: Clefable|352/394|[from] item: Leftovers","|turn|26","|choice|move moonblast 1|move swordsdance","|","|move|p2a: Hawlucha|Swords Dance|p2a: Hawlucha","|-boost|p2a: Hawlucha|atk|2","|move|p1a: Clefable|Moonblast|p2a: Hawlucha","|-supereffective|p2a: Hawlucha","|-damage|p2a: Hawlucha|0 fnt","|faint|p2a: Hawlucha","|","|-heal|p1a: Clefable|376/394|[from] item: Leftovers","|choice||switch 6","|","|switch|p2a: Dragonite|Dragonite, F|303/323","|turn|27","|choice|move moonblast 1|move dragondance","|","|move|p2a: Dragonite|Dragon Dance|p2a: Dragonite","|-boost|p2a: Dragonite|atk|1","|-boost|p2a: Dragonite|spe|1","|move|p1a: Clefable|Moonblast|p2a: Dragonite","|-supereffective|p2a: Dragonite","|-damage|p2a: Dragonite|39/323","|-enditem|p2a: Dragonite|Weakness Policy","|-boost|p2a: Dragonite|atk|2","|-boost|p2a: Dragonite|spa|2","|-unboost|p2a: Dragonite|spa|1","|","|-heal|p1a: Clefable|394/394|[from] item: Leftovers","|turn|28","|choice|move moonblast 1|move extremespeed","|","|move|p2a: Dragonite|Extreme Speed|p1a: Clefable","|-damage|p1a: Clefable|172/394","|move|p1a: Clefable|Moonblast|p2a: Dragonite","|-supereffective|p2a: Dragonite","|-damage|p2a: Dragonite|0 fnt","|faint|p2a: Dragonite","|","|-heal|p1a: Clefable|196/394|[from] item: Leftovers","|choice||switch 3","|","|switch|p2a: Sceptile|Sceptile, F|281/281","|turn|29","|choice|move softboiled|move energyball mega","|","|detailschange|p2a: Sceptile|Sceptile-Mega, F","|-mega|p2a: Sceptile|Sceptile|Sceptilite","|move|p2a: Sceptile|Energy Ball|p1a: Clefable","|-damage|p1a: Clefable|96/394","|move|p1a: Clefable|Soft-Boiled|p1a: Clefable","|-heal|p1a: Clefable|293/394","|","|-heal|p1a: Clefable|317/394|[from] item: Leftovers","|turn|30","|choice|move moonblast 1|switch 4","|","|switch|p2a: Clefable|Clefable, F|332/332","|move|p1a: Clefable|Moonblast|p2a: Clefable","|-damage|p2a: Clefable|205/332","|","|-heal|p1a: Clefable|341/394|[from] item: Leftovers","|-heal|p2a: Clefable|225/332|[from] item: Leftovers","|turn|31","|choice|move moonblast 1|move cosmicpower","|","|move|p2a: Clefable|Cosmic Power|p2a: Clefable","|-boost|p2a: Clefable|def|1","|-boost|p2a: Clefable|spd|1","|move|p1a: Clefable|Moonblast|p2a: Clefable","|-damage|p2a: Clefable|126/332","|","|-heal|p1a: Clefable|365/394|[from] item: Leftovers","|-heal|p2a: Clefable|146/332|[from] item: Leftovers","|turn|32","|choice|move calmmind|move softboiled","|","|move|p2a: Clefable|Soft-Boiled|p2a: Clefable","|-heal|p2a: Clefable|312/332","|move|p1a: Clefable|Calm Mind|p1a: Clefable","|-boost|p1a: Clefable|spa|1","|-boost|p1a: Clefable|spd|1","|","|-heal|p1a: Clefable|389/394|[from] item: Leftovers","|-heal|p2a: Clefable|332/332|[from] item: Leftovers","|turn|33","|choice|switch 6|move cosmicpower","|","|switch|p1a: Skarmory|Skarmory, F|333/333","|move|p2a: Clefable|Cosmic Power|p2a: Clefable","|-boost|p2a: Clefable|def|1","|-boost|p2a: Clefable|spd|1","|","|turn|34","|choice|move spikes|move cosmicpower","|","|move|p1a: Skarmory|Spikes|p2a: Clefable","|-sidestart|p2: Elcrest ☢|Spikes","|move|p2a: Clefable|Cosmic Power|p2a: Clefable","|-boost|p2a: Clefable|def|1","|-boost|p2a: Clefable|spd|1","|","|turn|35","|choice|move spikes|move cosmicpower","|","|move|p1a: Skarmory|Spikes|p2a: Clefable","|-sidestart|p2: Elcrest ☢|Spikes","|move|p2a: Clefable|Cosmic Power|p2a: Clefable","|-boost|p2a: Clefable|def|1","|-boost|p2a: Clefable|spd|1","|","|turn|36","|choice|move whirlwind 1|move storedpower","|","|move|p2a: Clefable|Stored Power|p1a: Skarmory","|-resisted|p1a: Skarmory","|-damage|p1a: Skarmory|264/333","|move|p1a: Skarmory|Whirlwind|p2a: Clefable","|drag|p2a: Sceptile|Sceptile-Mega, F|281/281","|-damage|p2a: Sceptile|235/281|[from] Spikes","|","|turn|37","|choice|move roost|move focusblast","|","|move|p2a: Sceptile|Focus Blast|p1a: Skarmory","|-damage|p1a: Skarmory|105/333","|move|p1a: Skarmory|Roost|p1a: Skarmory","|-heal|p1a: Skarmory|272/333","|","|turn|38","|choice|move ironhead 1|move dragonpulse","|","|move|p2a: Sceptile|Dragon Pulse|p1a: Skarmory","|-resisted|p1a: Skarmory","|-damage|p1a: Skarmory|194/333","|move|p1a: Skarmory|Iron Head|p2a: Sceptile","|-damage|p2a: Sceptile|138/281","|","|turn|39","|choice|move roost|move energyball","|","|move|p2a: Sceptile|Energy Ball|p1a: Skarmory","|-resisted|p1a: Skarmory","|-damage|p1a: Skarmory|153/333","|move|p1a: Skarmory|Roost|p1a: Skarmory","|-heal|p1a: Skarmory|320/333","|","|turn|40","|choice|move ironhead 1|move focusblast","|","|move|p2a: Sceptile|Focus Blast|p1a: Skarmory|[miss]","|-miss|p2a: Sceptile|p1a: Skarmory","|move|p1a: Skarmory|Iron Head|p2a: Sceptile","|-damage|p2a: Sceptile|47/281","|","|turn|41","|choice|move ironhead 1|move focusblast","|","|move|p2a: Sceptile|Focus Blast|p1a: Skarmory","|-damage|p1a: Skarmory|166/333","|move|p1a: Skarmory|Iron Head|p2a: Sceptile","|-damage|p2a: Sceptile|0 fnt","|faint|p2a: Sceptile","|","|choice||switch 4","|","|switch|p2a: Clefable|Clefable, F|332/332","|turn|42","|choice|move ironhead 1|move cosmicpower","|","|move|p1a: Skarmory|Iron Head|p2a: Clefable","|-supereffective|p2a: Clefable","|-damage|p2a: Clefable|182/332","|move|p2a: Clefable|Cosmic Power|p2a: Clefable","|-boost|p2a: Clefable|def|1","|-boost|p2a: Clefable|spd|1","|","|-heal|p2a: Clefable|202/332|[from] item: Leftovers","|turn|43","|choice|move ironhead 1|move cosmicpower","|","|move|p1a: Skarmory|Iron Head|p2a: Clefable","|-supereffective|p2a: Clefable","|-damage|p2a: Clefable|110/332","|move|p2a: Clefable|Cosmic Power|p2a: Clefable","|-boost|p2a: Clefable|def|1","|-boost|p2a: Clefable|spd|1","|","|-heal|p2a: Clefable|130/332|[from] item: Leftovers","|turn|44","|choice|move whirlwind 1|move softboiled","|","|move|p2a: Clefable|Soft-Boiled|p2a: Clefable","|-heal|p2a: Clefable|296/332","|move|p1a: Skarmory|Whirlwind|p2a: Clefable","|-fail|p2a: Clefable","|","|-heal|p2a: Clefable|316/332|[from] item: Leftovers","|turn|45","|choice|move ironhead 1|move cosmicpower","|","|move|p1a: Skarmory|Iron Head|p2a: Clefable","|-supereffective|p2a: Clefable","|-damage|p2a: Clefable|248/332","|cant|p2a: Clefable|flinch","|","|-heal|p2a: Clefable|268/332|[from] item: Leftovers","|turn|46","|choice|move roost|move cosmicpower","|","|move|p1a: Skarmory|Roost|p1a: Skarmory","|-heal|p1a: Skarmory|333/333","|move|p2a: Clefable|Cosmic Power|p2a: Clefable","|-boost|p2a: Clefable|def|1","|-boost|p2a: Clefable|spd|1","|","|-heal|p2a: Clefable|288/332|[from] item: Leftovers","|turn|47","|choice|move whirlwind 1|move cosmicpower","|","|move|p2a: Clefable|Cosmic Power|p2a: Clefable","|-boost|p2a: Clefable|def|1","|-boost|p2a: Clefable|spd|1","|move|p1a: Skarmory|Whirlwind|p2a: Clefable","|-fail|p2a: Clefable","|","|-heal|p2a: Clefable|308/332|[from] item: Leftovers","|turn|48","|choice|move whirlwind 1|move cosmicpower","|","|move|p2a: Clefable|Cosmic Power|p2a: Clefable","|-boost|p2a: Clefable|def|1","|-boost|p2a: Clefable|spd|1","|move|p1a: Skarmory|Whirlwind|p2a: Clefable","|-fail|p2a: Clefable","|","|-heal|p2a: Clefable|328/332|[from] item: Leftovers","|turn|49","|choice|move whirlwind 1|move cosmicpower","|","|move|p2a: Clefable|Cosmic Power|p2a: Clefable","|-boost|p2a: Clefable|def|1","|-boost|p2a: Clefable|spd|1","|move|p1a: Skarmory|Whirlwind|p2a: Clefable","|-fail|p2a: Clefable","|","|-heal|p2a: Clefable|332/332|[from] item: Leftovers","|turn|50","|choice|move whirlwind 1|move storedpower","|","|move|p2a: Clefable|Stored Power|p1a: Skarmory","|-resisted|p1a: Skarmory","|-damage|p1a: Skarmory|240/333","|move|p1a: Skarmory|Whirlwind|p2a: Clefable","|-fail|p2a: Clefable","|","|turn|51","|choice|move whirlwind 1|move storedpower","|","|move|p2a: Clefable|Stored Power|p1a: Skarmory","|-resisted|p1a: Skarmory","|-damage|p1a: Skarmory|144/333","|move|p1a: Skarmory|Whirlwind|p2a: Clefable","|-fail|p2a: Clefable","|","|turn|52","|choice|move roost|move storedpower","|","|move|p1a: Skarmory|Roost|p1a: Skarmory","|-heal|p1a: Skarmory|311/333","|move|p2a: Clefable|Stored Power|p1a: Skarmory","|-resisted|p1a: Skarmory","|-crit|p1a: Skarmory","|-damage|p1a: Skarmory|162/333","|","|turn|53","|choice|move whirlwind 1|move storedpower","|","|move|p2a: Clefable|Stored Power|p1a: Skarmory","|-resisted|p1a: Skarmory","|-damage|p1a: Skarmory|62/333","|move|p1a: Skarmory|Whirlwind|p2a: Clefable","|-fail|p2a: Clefable","|","|turn|54","|choice|move whirlwind 1|move storedpower","|","|move|p2a: Clefable|Stored Power|p1a: Skarmory","|-resisted|p1a: Skarmory","|-damage|p1a: Skarmory|0 fnt","|faint|p1a: Skarmory","|","|choice|switch 2|","|","|switch|p1a: Seismitoad|Seismitoad, M|413/413","|turn|55","|choice|move earthpower 1|move storedpower","|","|move|p1a: Seismitoad|Earth Power|p2a: Clefable","|-damage|p2a: Clefable|311/332","|move|p2a: Clefable|Stored Power|p1a: Seismitoad","|-damage|p1a: Seismitoad|166/413","|","|-heal|p1a: Seismitoad|191/413|[from] item: Leftovers","|-heal|p2a: Clefable|331/332|[from] item: Leftovers","|turn|56","|choice|move scald 1|move storedpower","|","|move|p1a: Seismitoad|Scald|p2a: Clefable","|-damage|p2a: Clefable|313/332","|move|p2a: Clefable|Stored Power|p1a: Seismitoad","|-damage|p1a: Seismitoad|0 fnt","|faint|p1a: Seismitoad","|","|-heal|p2a: Clefable|332/332|[from] item: Leftovers","|choice|switch 6|","|","|switch|p1a: Clefable|Clefable, F|389/394","|turn|57","|choice|move calmmind|move storedpower","|","|move|p1a: Clefable|Calm Mind|p1a: Clefable","|-boost|p1a: Clefable|spa|1","|-boost|p1a: Clefable|spd|1","|move|p2a: Clefable|Stored Power|p1a: Clefable","|-damage|p1a: Clefable|272/394","|","|-heal|p1a: Clefable|296/394|[from] item: Leftovers","|turn|58","|choice|move flamethrower 1|move storedpower","|","|move|p1a: Clefable|Flamethrower|p2a: Clefable","|-damage|p2a: Clefable|309/332","|move|p2a: Clefable|Stored Power|p1a: Clefable","|-damage|p1a: Clefable|186/394","|","|-heal|p2a: Clefable|329/332|[from] item: Leftovers","|-heal|p1a: Clefable|210/394|[from] item: Leftovers","|turn|59","|choice|move moonblast 1|move storedpower","|","|move|p1a: Clefable|Moonblast|p2a: Clefable","|-damage|p2a: Clefable|290/332","|move|p2a: Clefable|Stored Power|p1a: Clefable","|-damage|p1a: Clefable|98/394","|","|-heal|p2a: Clefable|310/332|[from] item: Leftovers","|-heal|p1a: Clefable|122/394|[from] item: Leftovers","|turn|60","|choice|move flamethrower 1|move storedpower","|","|move|p1a: Clefable|Flamethrower|p2a: Clefable","|-damage|p2a: Clefable|287/332","|move|p2a: Clefable|Stored Power|p1a: Clefable","|-damage|p1a: Clefable|12/394","|","|-heal|p2a: Clefable|307/332|[from] item: Leftovers","|-heal|p1a: Clefable|36/394|[from] item: Leftovers","|turn|61","|choice|move flamethrower 1|move storedpower","|","|move|p1a: Clefable|Flamethrower|p2a: Clefable","|-damage|p2a: Clefable|284/332","|move|p2a: Clefable|Stored Power|p1a: Clefable","|-damage|p1a: Clefable|0 fnt","|faint|p1a: Clefable","|","|-heal|p2a: Clefable|304/332|[from] item: Leftovers","|choice|switch 5|","|","|switch|p1a: Latias|Latias-Mega, F|363/363","|turn|62","|choice|move thunderbolt 1|move moonblast","|","|move|p1a: Latias|Thunderbolt|p2a: Clefable","|-damage|p2a: Clefable|281/332","|move|p2a: Clefable|Moonblast|p1a: Latias","|-supereffective|p1a: Latias","|-damage|p1a: Latias|217/363","|","|-heal|p2a: Clefable|301/332|[from] item: Leftovers","|turn|63","|choice|move thunderbolt 1|move moonblast","|","|move|p1a: Latias|Thunderbolt|p2a: Clefable","|-damage|p2a: Clefable|281/332","|move|p2a: Clefable|Moonblast|p1a: Latias","|-supereffective|p1a: Latias","|-damage|p1a: Latias|59/363","|","|-heal|p2a: Clefable|301/332|[from] item: Leftovers","|turn|64","|choice|move thunderwave 1|move moonblast","|","|move|p1a: Latias|Thunder Wave|p2a: Clefable","|-status|p2a: Clefable|par","|move|p2a: Clefable|Moonblast|p1a: Latias","|-supereffective|p1a: Latias","|-damage|p1a: Latias|0 fnt","|faint|p1a: Latias","|","|win|Elcrest ☢"],"p1rating":1137.8208197018719,"p2rating":1365.070058927736,"endType":"normal"}