{"seed":[29454,56940,54332,38316],"turns":49,"p1":"BatterBotto","p2":"FlareonDriod","p1team":[{"name":"Seismitoad","species":"Seismitoad","item":"leftovers","ability":"Water Absorb","moves":["stealthrock","scald","earthpower","toxic"],"nature":"Bold","evs":{"hp":248,"atk":0,"def":240,"spa":0,"spd":20,"spe":0},"gender":"M","ivs":{"hp":31,"atk":0,"def":31,"spa":31,"spd":31,"spe":31}},{"name":"Skarmory","species":"Skarmory","item":"rockyhelmet","ability":"Sturdy","moves":["spikes","ironhead","roost","whirlwind"],"nature":"Impish","evs":{"hp":248,"atk":0,"def":0,"spa":0,"spd":236,"spe":24},"gender":"F","ivs":{"hp":31,"atk":31,"def":31,"spa":31,"spd":31,"spe":31}},{"name":"Clefable","species":"Clefable","item":"leftovers","ability":"Magic Guard","moves":["calmmind","moonblast","flamethrower","softboiled"],"nature":"Calm","evs":{"hp":252,"atk":0,"def":160,"spa":0,"spd":96,"spe":0},"gender":"F","ivs":{"hp":31,"atk":0,"def":31,"spa":31,"spd":31,"spe":31}},{"name":"Tyranitar","species":"Tyranitar","item":"choiceband","ability":"Sand Stream","moves":["pursuit","stoneedge","crunch","icepunch"],"nature":"Adamant","evs":{"hp":56,"atk":252,"def":4,"spa":0,"spd":0,"spe":196},"gender":"M","ivs":{"hp":31,"atk":31,"def":31,"spa":31,"spd":31,"spe":31}},{"name":"Gengar","species":"Gengar","item":"choicescarf","ability":"Levitate","moves":["shadowball","sludgewave","focusblast","trick"],"nature":"Timid","evs":{"hp":0,"atk":0,"def":0,"spa":252,"spd":4,"spe":252},"gender":"M","ivs":{"hp":31,"atk":0,"def":31,"spa":31,"spd":31,"spe":31},"shiny":true},{"name":"Latias","species":"Latias","item":"latiasite","ability":"Levitate","moves":["thunderbolt","icebeam","roost","thunderwave"],"nature":"Timid","evs":{"hp":248,"atk":0,"def":32,"spa":12,"spd":0,"spe":216},"ivs":{"hp":31,"atk":0,"def":31,"spa":31,"spd":31,"spe":31}}],"p2team":[{"name":"Beedrill","species":"Beedrill","item":"beedrillite","ability":"Swarm","moves":["uturn","poisonjab","drillrun","protect"],"nature":"Jolly","evs":{"hp":0,"atk":252,"def":0,"spa":0,"spd":4,"spe":252},"ivs":{"hp":31,"atk":31,"def":31,"spa":31,"spd":31,"spe":31}},{"name":"Whimsicott","species":"Whimsicott","item":"yacheberry","ability":"Prankster","moves":["gigadrain","moonblast","encore","uturn"],"nature":"Timid","evs":{"hp":0,"atk":0,"def":0,"spa":252,"spd":4,"spe":252},"ivs":{"hp":31,"atk":31,"def":31,"spa":31,"spd":31,"spe":31}},{"name":"Empoleon","species":"Empoleon","item":"leftovers","ability":"Torrent","moves":["scald","icebeam","stealthrock","defog"],"nature":"Calm","evs":{"hp":252,"atk":0,"def":0,"spa":4,"spd":252,"spe":0},"ivs":{"hp":31,"atk":0,"def":31,"spa":31,"spd":31,"spe":31}},{"name":"Reuniclus","species":"Reuniclus","item":"leftovers","ability":"Magic Guard","moves":["calmmind","psyshock","shadowball","recover"],"nature":"Bold","evs":{"hp":252,"atk":0,"def":252,"spa":4,"spd":0,"spe":0},"ivs":{"hp":31,"atk":0,"def":31,"spa":31,"spd":31,"spe":31}},{"name":"Toxicroak","species":"Toxicroak","item":"lifeorb","ability":"Dry Skin","moves":["swordsdance","gunkshot","drainpunch","suckerpunch"],"nature":"Jolly","evs":{"hp":0,"atk":252,"def":0,"spa":0,"spd":4,"spe":252},"ivs":{"hp":31,"atk":31,"def":31,"spa":31,"spd":31,"spe":31}},{"name":"Hydreigon","species":"Hydreigon","item":"choicescarf","ability":"Levitate","moves":["dracometeor","darkpulse","fireblast","uturn"],"nature":"Timid","evs":{"hp":0,"atk":0,"def":0,"spa":252,"spd":4,"spe":252},"ivs":{"hp":31,"atk":31,"def":31,"spa":31,"spd":31,"spe":31}}],"log":["|player|p1|BatterBotto|batterbotto.png","|player|p2|FlareonDriod|flareondriod.png","|gametype|singles","|gen|6","|tier|OU","|rated","|seed|29454,56940,54332,38316","|clearpoke","|poke|p1|Seismitoad, M|item","|poke|p1|Skarmory, F|item","|poke|p1|Clefable, F|item","|poke|p1|Tyranitar, M|item","|poke|p1|Gengar, M, shiny|item","|poke|p1|Latias, F|item","|poke|p2|Beedrill, F|item","|poke|p2|Whimsicott, M|item","|poke|p2|Empoleon, M|item","|poke|p2|Reuniclus, F|item","|poke|p2|Toxicroak, F|item","|poke|p2|Hydreigon, F|item","|rule|Swagger Clause: Swagger is banned","|rule|Baton Pass Clause: Limit one Baton Passer, can't pass Spe and other stats simultaneously","|rule|Sleep Clause Mod: Limit one foe put to sleep","|rule|Species Clause: Limit one of each Pokémon","|rule|OHKO Clause: OHKO moves are banned","|rule|Moody Clause: Moody is banned","|rule|Evasion Moves Clause: Evasion moves are banned","|rule|Endless Battle Clause: Forcing endless battles is banned","|rule|HP Percentage Mod: HP is shown in percentages","|teampreview","|choice|team 4, team 1, team 2, team 3, team 5, team 6|team 3, team 1, team 2, team 4, team 5, team 6","|","|start","|switch|p1a: Tyranitar|Tyranitar, M|355/355","|switch|p2a: Empoleon|Empoleon, M|372/372","|-weather|Sandstorm|[from] ability: Sand Stream|[of] p1a: Tyranitar","|turn|1","|choice|move crunch 1|switch 5","|","|switch|p2a: Toxicroak|Toxicroak, F|307/307","|move|p1a: Tyranitar|Crunch|p2a: Toxicroak","|-resisted|p2a: Toxicroak","|-damage|p2a: Toxicroak|149/307","|-unboost|p2a: Toxicroak|def|1","|","|-weather|Sandstorm|[upkeep]","|-damage|p2a: Toxicroak|130/307|[from] sandstorm","|turn|2","|choice|move crunch 1|move drainpunch 1","|","|move|p2a: Toxicroak|Drain Punch|p1a: Tyranitar","|-supereffective|p1a: Tyranitar","|-damage|p1a: Tyranitar|0 fnt","|-heal|p2a: Toxicroak|307/307|[from] drain|[of] p1a: Tyranitar","|-damage|p2a: Toxicroak|277/307|[from] item: Life Orb","|faint|p1a: Tyranitar","|","|-weather|Sandstorm|[upkeep]","|-damage|p2a: Toxicroak|258/307|[from] sandstorm","|choice|switch 5|","|","|switch|p1a: Gengar|Gengar, M, shiny|261/261","|turn|3","|choice|move shadowball 1|move suckerpunch 1","|","|move|p2a: Toxicroak|Sucker Punch|p1a: Gengar","|-supereffective|p1a: Gengar","|-damage|p1a: Gengar|0 fnt","|-damage|p2a: Toxicroak|228/307|[from] item: Life Orb","|faint|p1a: Gengar","|","|-weather|Sandstorm|[upkeep]","|-damage|p2a: Toxicroak|209/307|[from] sandstorm","|choice|switch 3|","|","|switch|p1a: Skarmory|Skarmory, F|333/333","|turn|4","|choice|move spikes|move suckerpunch 1","|","|move|p2a: Toxicroak|Sucker Punch|p1a: Skarmory|[still]","|-fail|p2a: Toxicroak","|move|p1a: Skarmory|Spikes|p2a: Toxicroak","|-sidestart|p2: FlareonDriod|Spikes","|","|-weather|Sandstorm|[upkeep]","|-damage|p2a: Toxicroak|190/307|[from] sandstorm","|turn|5","|choice|move spikes|move suckerpunch 1","|","|move|p2a: Toxicroak|Sucker Punch|p1a: Skarmory|[still]","|-fail|p2a: Toxicroak","|move|p1a: Skarmory|Spikes|p2a: Toxicroak","|-sidestart|p2: FlareonDriod|Spikes","|","|-weather|none","|turn|6","|choice|move spikes|move suckerpunch 1","|","|move|p2a: Toxicroak|Sucker Punch|p1a: Skarmory|[still]","|-fail|p2a: Toxicroak","|move|p1a: Skarmory|Spikes|p2a: Toxicroak","|-sidestart|p2: FlareonDriod|Spikes","|","|turn|7","|choice|move ironhead 1|move suckerpunch 1","|","|move|p2a: Toxicroak|Sucker Punch|p1a: Skarmory","|-damage|p1a: Skarmory|262/333","|-damage|p2a: Toxicroak|139/307|[from] item: Rocky Helmet|[of] p1a: Skarmory","|-damage|p2a: Toxicroak|109/307|[from] item: Life Orb","|move|p1a: Skarmory|Iron Head|p2a: Toxicroak","|-damage|p2a: Toxicroak|0 fnt","|faint|p2a: Toxicroak","|","|choice||switch 5","|","|switch|p2a: Empoleon|Empoleon, M|372/372","|-damage|p2a: Empoleon|279/372|[from] Spikes","|turn|8","|choice|switch 2|move scald 1","|","|switch|p1a: Seismitoad|Seismitoad, M|413/413","|move|p2a: Empoleon|Scald|p1a: Seismitoad","|-immune|p1a: Seismitoad|[msg]|[from] ability: Water Absorb","|","|-heal|p2a: Empoleon|302/372|[from] item: Leftovers","|turn|9","|choice|move earthpower 1|switch 3","|","|switch|p2a: Whimsicott|Whimsicott, M|261/261","|-damage|p2a: Whimsicott|196/261|[from] Spikes","|move|p1a: Seismitoad|Earth Power|p2a: Whimsicott","|-resisted|p2a: Whimsicott","|-damage|p2a: Whimsicott|138/261","|","|turn|10","|choice|switch 2|move gigadrain 1","|","|switch|p1a: Skarmory|Skarmory, F|262/333","|move|p2a: Whimsicott|Giga Drain|p1a: Skarmory","|-resisted|p1a: Skarmory","|-damage|p1a: Skarmory|240/333","|-heal|p2a: Whimsicott|149/261|[from] drain|[of] p1a: Skarmory","|","|turn|11","|choice|move roost|switch 3","|","|switch|p2a: Empoleon|Empoleon, M|302/372","|-damage|p2a: Empoleon|209/372|[from] Spikes","|move|p1a: Skarmory|Roost|p1a: Skarmory","|-heal|p1a: Skarmory|333/333","|","|-heal|p2a: Empoleon|232/372|[from] item: Leftovers","|turn|12","|choice|switch 2|move stealthrock","|","|switch|p1a: Seismitoad|Seismitoad, M|413/413","|move|p2a: Empoleon|Stealth Rock|p1a: Seismitoad","|-sidestart|p1: BatterBotto|move: Stealth Rock","|","|-heal|p2a: Empoleon|255/372|[from] item: Leftovers","|turn|13","|choice|move earthpower 1|switch 3","|","|switch|p2a: Whimsicott|Whimsicott, M|149/261","|-damage|p2a: Whimsicott|84/261|[from] Spikes","|move|p1a: Seismitoad|Earth Power|p2a: Whimsicott","|-resisted|p2a: Whimsicott","|-damage|p2a: Whimsicott|30/261","|","|turn|14","|choice|move scald 1|move gigadrain 1","|","|move|p2a: Whimsicott|Giga Drain|p1a: Seismitoad","|-supereffective|p1a: Seismitoad","|-crit|p1a: Seismitoad","|-damage|p1a: Seismitoad|0 fnt","|-heal|p2a: Whimsicott|237/261|[from] drain|[of] p1a: Seismitoad","|faint|p1a: Seismitoad","|","|choice|switch 2|","|","|switch|p1a: Skarmory|Skarmory, F|333/333","|-damage|p1a: Skarmory|292/333|[from] Stealth Rock","|turn|15","|choice|move ironhead 1|switch 3","|","|switch|p2a: Empoleon|Empoleon, M|255/372","|-damage|p2a: Empoleon|162/372|[from] Spikes","|move|p1a: Skarmory|Iron Head|p2a: Empoleon","|-resisted|p2a: Empoleon","|-crit|p2a: Empoleon","|-damage|p2a: Empoleon|128/372","|","|-heal|p2a: Empoleon|151/372|[from] item: Leftovers","|turn|16","|choice|switch 6|move scald 1","|","|switch|p1a: Latias|Latias, F|363/363","|-damage|p1a: Latias|318/363|[from] Stealth Rock","|move|p2a: Empoleon|Scald|p1a: Latias","|-resisted|p1a: Latias","|-damage|p1a: Latias|276/363","|","|-heal|p2a: Empoleon|174/372|[from] item: Leftovers","|turn|17","|choice|move roost mega|move icebeam 1","|","|detailschange|p1a: Latias|Latias-Mega, F","|-mega|p1a: Latias|Latias|Latiasite","|move|p1a: Latias|Roost|p1a: Latias","|-heal|p1a: Latias|363/363","|move|p2a: Empoleon|Ice Beam|p1a: Latias","|-supereffective|p1a: Latias","|-damage|p1a: Latias|255/363","|","|-heal|p2a: Empoleon|197/372|[from] item: Leftovers","|turn|18","|choice|move thunderwave 1|move defog 1","|","|move|p1a: Latias|Thunder Wave|p2a: Empoleon","|-status|p2a: Empoleon|par","|move|p2a: Empoleon|Defog|p1a: Latias","|-unboost|p1a: Latias|evasion|1","|-sideend|p1: BatterBotto|Stealth Rock|[from] move: Defog|[of] p1a: Latias","|-sideend|p2: FlareonDriod|Spikes|[from] move: Defog|[of] p2a: Empoleon","|","|-heal|p2a: Empoleon|220/372 par|[from] item: Leftovers","|turn|19","|choice|move thunderbolt 1|move stealthrock","|","|move|p1a: Latias|Thunderbolt|p2a: Empoleon","|-supereffective|p2a: Empoleon","|-damage|p2a: Empoleon|86/372 par","|cant|p2a: Empoleon|par","|","|-heal|p2a: Empoleon|109/372 par|[from] item: Leftovers","|turn|20","|choice|move thunderbolt 1|move icebeam 1","|","|move|p1a: Latias|Thunderbolt|p2a: Empoleon","|-supereffective|p2a: Empoleon","|-damage|p2a: Empoleon|0 fnt","|faint|p2a: Empoleon","|","|choice||switch 3","|","|switch|p2a: Whimsicott|Whimsicott, M|237/261","|turn|21","|choice|move icebeam 1|move moonblast 1","|","|move|p2a: Whimsicott|Moonblast|p1a: Latias","|-supereffective|p1a: Latias","|-damage|p1a: Latias|81/363","|move|p1a: Latias|Ice Beam|p2a: Whimsicott","|-supereffective|p2a: Whimsicott","|-enditem|p2a: Whimsicott|Yache Berry|[eat]","|-enditem|p2a: Whimsicott|Yache Berry|[weaken]","|-damage|p2a: Whimsicott|107/261","|","|turn|22","|choice|move icebeam 1|move moonblast 1","|","|move|p2a: Whimsicott|Moonblast|p1a: Latias","|-supereffective|p1a: Latias","|-damage|p1a: Latias|0 fnt","|faint|p1a: Latias","|","|choice|switch 6|","|","|switch|p1a: Skarmory|Skarmory, F|292/333","|turn|23","|choice|move ironhead 1|switch 6","|","|switch|p2a: Hydreigon|Hydreigon, F|325/325","|move|p1a: Skarmory|Iron Head|p2a: Hydreigon","|-damage|p2a: Hydreigon|234/325","|","|turn|24","|choice|switch 4|move fireblast 1","|","|switch|p1a: Clefable|Clefable, F|394/394","|move|p2a: Hydreigon|Fire Blast|p1a: Clefable","|-damage|p1a: Clefable|284/394","|","|-heal|p1a: Clefable|308/394|[from] item: Leftovers","|turn|25","|choice|move moonblast 1|move fireblast 1","|","|move|p2a: Hydreigon|Fire Blast|p1a: Clefable|[miss]","|-miss|p2a: Hydreigon|p1a: Clefable","|move|p1a: Clefable|Moonblast|p2a: Hydreigon","|-supereffective|p2a: Hydreigon","|-damage|p2a: Hydreigon|0 fnt","|faint|p2a: Hydreigon","|","|-heal|p1a: Clefable|332/394|[from] item: Leftovers","|choice||switch 2","|","|switch|p2a: Beedrill|Beedrill, F|271/271","|turn|26","|choice|switch 4|move poisonjab 1 mega","|","|switch|p1a: Skarmory|Skarmory, F|292/333","|detailschange|p2a: Beedrill|Beedrill-Mega, F","|-mega|p2a: Beedrill|Beedrill|Beedrillite","|move|p2a: Beedrill|Poison Jab|p1a: Skarmory","|-immune|p1a: Skarmory|[msg]","|","|turn|27","|choice|move spikes|switch 4","|","|switch|p2a: Reuniclus|Reuniclus, F|424/424","|move|p1a: Skarmory|Spikes|p2a: Reuniclus","|-sidestart|p2: FlareonDriod|Spikes","|","|turn|28","|choice|move ironhead 1|move shadowball 1","|","|move|p1a: Skarmory|Iron Head|p2a: Reuniclus","|-damage|p2a: Reuniclus|360/424","|cant|p2a: Reuniclus|flinch","|","|-heal|p2a: Reuniclus|386/424|[from] item: Leftovers","|turn|29","|choice|move ironhead 1|move calmmind","|","|move|p1a: Skarmory|Iron Head|p2a: Reuniclus","|-damage|p2a: Reuniclus|322/424","|cant|p2a: Reuniclus|flinch","|","|-heal|p2a: Reuniclus|348/424|[from] item: Leftovers","|turn|30","|choice|move spikes|move shadowball 1","|","|move|p1a: Skarmory|Spikes|p2a: Reuniclus","|-sidestart|p2: FlareonDriod|Spikes","|move|p2a: Reuniclus|Shadow Ball|p1a: Skarmory","|-damage|p1a: Skarmory|219/333","|","|-heal|p2a: Reuniclus|374/424|[from] item: Leftovers","|turn|31","|choice|move ironhead 1|move calmmind","|","|move|p1a: Skarmory|Iron Head|p2a: Reuniclus","|-damage|p2a: Reuniclus|301/424","|cant|p2a: Reuniclus|flinch","|","|-heal|p2a: Reuniclus|327/424|[from] item: Leftovers","|turn|32","|choice|move ironhead 1|move calmmind","|","|move|p1a: Skarmory|Iron Head|p2a: Reuniclus","|-damage|p2a: Reuniclus|252/424","|cant|p2a: Reuniclus|flinch","|","|-heal|p2a: Reuniclus|278/424|[from] item: Leftovers","|turn|33","|choice|move roost|move shadowball 1","|","|move|p1a: Skarmory|Roost|p1a: Skarmory","|-heal|p1a: Skarmory|333/333","|move|p2a: Reuniclus|Shadow Ball|p1a: Skarmory","|-damage|p1a: Skarmory|262/333","|-unboost|p1a: Skarmory|spd|1","|","|-heal|p2a: Reuniclus|304/424|[from] item: Leftovers","|turn|34","|choice|move spikes|move shadowball 1","|","|move|p1a: Skarmory|Spikes|p2a: Reuniclus","|-sidestart|p2: FlareonDriod|Spikes","|move|p2a: Reuniclus|Shadow Ball|p1a: Skarmory","|-damage|p1a: Skarmory|144/333","|","|-heal|p2a: Reuniclus|330/424|[from] item: Leftovers","|turn|35","|choice|move roost|move shadowball 1","|","|move|p1a: Skarmory|Roost|p1a: Skarmory","|-heal|p1a: Skarmory|311/333","|move|p2a: Reuniclus|Shadow Ball|p1a: Skarmory","|-damage|p1a: Skarmory|205/333","|","|-heal|p2a: Reuniclus|356/424|[from] item: Leftovers","|turn|36","|choice|move roost|move shadowball 1","|","|move|p1a: Skarmory|Roost|p1a: Skarmory","|-heal|p1a: Skarmory|333/333","|move|p2a: Reuniclus|Shadow Ball|p1a: Skarmory","|-damage|p1a: Skarmory|226/333","|","|-heal|p2a: Reuniclus|382/424|[from] item: Leftovers","|turn|37","|choice|move roost|move calmmind","|","|move|p1a: Skarmory|Roost|p1a: Skarmory","|-heal|p1a: Skarmory|333/333","|move|p2a: Reuniclus|Calm Mind|p2a: Reuniclus","|-boost|p2a: Reuniclus|spa|1","|-boost|p2a: Reuniclus|spd|1","|","|-heal|p2a: Reuniclus|408/424|[from] item: Leftovers","|turn|38","|choice|move ironhead 1|move calmmind","|","|move|p1a: Skarmory|Iron Head|p2a: Reuniclus","|-damage|p2a: Reuniclus|335/424","|move|p2a: Reuniclus|Calm Mind|p2a: Reuniclus","|-boost|p2a: Reuniclus|spa|1","|-boost|p2a: Reuniclus|spd|1","|","|-heal|p2a: Reuniclus|361/424|[from] item: Leftovers","|turn|39","|choice|move whirlwind 1|move shadowball 1","|","|move|p2a: Reuniclus|Shadow Ball|p1a: Skarmory","|-damage|p1a: Skarmory|102/333","|move|p1a: Skarmory|Whirlwind|p2a: Reuniclus","|drag|p2a: Whimsicott|Whimsicott, M|107/261","|-damage|p2a: Whimsicott|42/261|[from] Spikes","|","|turn|40","|choice|move ironhead 1|move moonblast 1","|","|move|p2a: Whimsicott|Moonblast|p1a: Skarmory","|-resisted|p1a: Skarmory","|-damage|p1a: Skarmory|19/333","|-unboost|p1a: Skarmory|spa|1","|move|p1a: Skarmory|Iron Head|p2a: Whimsicott","|-supereffective|p2a: Whimsicott","|-damage|p2a: Whimsicott|0 fnt","|faint|p2a: Whimsicott","|","|choice||switch 6","|","|switch|p2a: Reuniclus|Reuniclus, F|361/424","|turn|41","|choice|switch 4|move shadowball 1","|","|switch|p1a: Clefable|Clefable, F|332/394","|move|p2a: Reuniclus|Shadow Ball|p1a: Clefable","|-damage|p1a: Clefable|265/394","|","|-heal|p1a: Clefable|289/394|[from] item: Leftovers","|-heal|p2a: Reuniclus|387/424|[from] item: Leftovers","|turn|42","|choice|switch 4|switch 4","|","|switch|p1a: Skarmory|Skarmory, F|19/333","|switch|p2a: Beedrill|Beedrill-Mega, F|271/271","|-damage|p2a: Beedrill|204/271|[from] Spikes","|","|turn|43","|choice|move roost|move uturn 1","|","|move|p2a: Beedrill|U-turn|p1a: Skarmory","|-resisted|p1a: Skarmory","|-damage|p1a: Skarmory|0 fnt","|-damage|p2a: Beedrill|159/271|[from] item: Rocky Helmet|[of] p1a: Skarmory","|faint|p1a: Skarmory","|choice||switch 4","|","|switch|p2a: Reuniclus|Reuniclus, F|387/424","|","|-heal|p2a: Reuniclus|413/424|[from] item: Leftovers","|choice|switch 4|","|","|switch|p1a: Clefable|Clefable, F|289/394","|turn|44","|choice|move flamethrower 1|switch 4","|","|switch|p2a: Beedrill|Beedrill-Mega, F|159/271","|-damage|p2a: Beedrill|92/271|[from] Spikes","|move|p1a: Clefable|Flamethrower|p2a: Beedrill","|-supereffective|p2a: Beedrill","|-damage|p2a: Beedrill|0 fnt","|faint|p2a: Beedrill","|","|-heal|p1a: Clefable|313/394|[from] item: Leftovers","|choice||switch 4","|","|switch|p2a: Reuniclus|Reuniclus, F|413/424","|turn|45","|choice|move calmmind|move calmmind","|","|move|p1a: Clefable|Calm Mind|p1a: Clefable","|-boost|p1a: Clefable|spa|1","|-boost|p1a: Clefable|spd|1","|move|p2a: Reuniclus|Calm Mind|p2a: Reuniclus","|-boost|p2a: Reuniclus|spa|1","|-boost|p2a: Reuniclus|spd|1","|","|-heal|p1a: Clefable|337/394|[from] item: Leftovers","|-heal|p2a: Reuniclus|424/424|[from] item: Leftovers","|turn|46","|choice|move calmmind|move psyshock 1","|","|move|p1a: Clefable|Calm Mind|p1a: Clefable","|-boost|p1a: Clefable|spa|1","|-boost|p1a: Clefable|spd|1","|move|p2a: Reuniclus|Psyshock|p1a: Clefable","|-damage|p1a: Clefable|163/394","|","|-heal|p1a: Clefable|187/394|[from] item: Leftovers","|turn|47","|choice|move softboiled|move psyshock 1","|","|move|p1a: Clefable|Soft-Boiled|p1a: Clefable","|-heal|p1a: Clefable|384/394","|move|p2a: Reuniclus|Psyshock|p1a: Clefable","|-damage|p1a: Clefable|192/394","|","|-heal|p1a: Clefable|216/394|[from] item: Leftovers","|turn|48","|choice|move moonblast 1|move calmmind","|","|move|p1a: Clefable|Moonblast|p2a: Reuniclus","|-damage|p2a: Reuniclus|271/424","|move|p2a: Reuniclus|Calm Mind|p2a: Reuniclus","|-boost|p2a: Reuniclus|spa|1","|-boost|p2a: Reuniclus|spd|1","|","|-heal|p1a: Clefable|240/394|[from] item: Leftovers","|-heal|p2a: Reuniclus|297/424|[from] item: Leftovers","|turn|49","|choice|move moonblast 1|move psyshock 1","|","|move|p1a: Clefable|Moonblast|p2a: Reuniclus","|-damage|p2a: Reuniclus|165/424","|move|p2a: Reuniclus|Psyshock|p1a: Clefable","|-damage|p1a: Clefable|0 fnt","|faint|p1a: Clefable","|","|win|FlareonDriod"],"p1rating":1083.3886902779502,"p2rating":1331.8474793711755,"endType":"normal"}