{"seed":[586,33726,12215,48732],"turns":17,"p1":"BatterBotto","p2":"SnakeXZero5 ☎","p1team":[{"name":"U.N. Oven Was Her","species":"rotomheat","item":"leftovers","ability":"Levitate","moves":["overheat","voltswitch","painsplit","thunderwave"],"nature":"Bold","evs":{"hp":248,"atk":0,"def":216,"spa":0,"spd":0,"spe":44},"ivs":{"hp":31,"atk":0,"def":31,"spa":31,"spd":31,"spe":31}},{"name":"D'Artagnan","species":"keldeoresolute","item":"choicespecs","ability":"Justified","moves":["hydropump","secretsword","scald","icywind"],"nature":"Timid","evs":{"hp":0,"atk":0,"def":0,"spa":252,"spd":4,"spe":252},"ivs":{"hp":31,"atk":0,"def":31,"spa":31,"spd":31,"spe":31}},{"name":"Diglett Sr.","species":"excadrill","item":"lifeorb","ability":"Sand Rush","moves":["earthquake","ironhead","rockslide","rapidspin"],"nature":"Adamant","evs":{"hp":0,"atk":252,"def":4,"spa":0,"spd":0,"spe":252},"gender":"M","ivs":{"hp":31,"atk":31,"def":31,"spa":31,"spd":31,"spe":31}},{"name":"Armor","species":"tyranitar","item":"smoothrock","ability":"Sand Stream","moves":["rockslide","icebeam","stealthrock","pursuit"],"nature":"Sassy","evs":{"hp":252,"atk":0,"def":0,"spa":4,"spd":252,"spe":0},"gender":"M","ivs":{"hp":31,"atk":31,"def":31,"spa":31,"spd":31,"spe":31}},{"name":"SNEK STAHP","species":"serperior","item":"expertbelt","ability":"Contrary","moves":["leafstorm","hiddenpowerfire","dragonpulse","knockoff"],"nature":"Timid","evs":{"hp":0,"atk":0,"def":0,"spa":252,"spd":4,"spe":252},"gender":"F","ivs":{"hp":31,"atk":30,"def":31,"spa":30,"spd":31,"spe":30}},{"name":"Waifumon","species":"gardevoir","item":"gardevoirite","ability":"Trace","moves":["hypervoice","psyshock","taunt","healingwish"],"nature":"Timid","evs":{"hp":16,"atk":0,"def":8,"spa":232,"spd":0,"spe":252},"gender":"F","ivs":{"hp":31,"atk":0,"def":31,"spa":31,"spd":31,"spe":31}}],"p2team":[{"name":"Kisme","species":"togekiss","item":"leftovers","ability":"Serene Grace","moves":["airslash","triattack","softboiled","ancientpower"],"nature":"Modest","evs":{"hp":252,"atk":0,"def":0,"spa":252,"spd":4,"spe":0},"gender":"F","ivs":{"hp":31,"atk":0,"def":31,"spa":31,"spd":31,"spe":31}},{"name":"Seme","species":"hippowdon","item":"leftovers","ability":"Sand Stream","moves":["earthquake","stealthrock","whirlwind","slackoff"],"nature":"Impish","evs":{"hp":252,"atk":4,"def":252,"spa":0,"spd":0,"spe":0},"gender":"M","ivs":{"hp":31,"atk":31,"def":31,"spa":31,"spd":31,"spe":31}},{"name":"Crosse","species":"heracross","item":"heracronite","ability":"Swarm","moves":["bulletseed","rockblast","pinmissile","armthrust"],"nature":"Adamant","evs":{"hp":248,"atk":252,"def":0,"spa":0,"spd":8,"spe":0},"gender":"M","ivs":{"hp":31,"atk":31,"def":31,"spa":31,"spd":31,"spe":31}},{"name":"Pede","species":"scolipede","item":"focussash","ability":"Speed Boost","moves":["protect","substitute","batonpass","poisonjab"],"nature":"Jolly","evs":{"hp":248,"atk":8,"def":0,"spa":0,"spd":0,"spe":252},"gender":"F","ivs":{"hp":31,"atk":31,"def":31,"spa":31,"spd":31,"spe":31}},{"name":"Beame","species":"weavile","item":"razorfang","ability":"Pickpocket","moves":["beatup","substitute","fakeout","iciclecrash"],"nature":"Jolly","evs":{"hp":0,"atk":252,"def":0,"spa":0,"spd":4,"spe":252},"gender":"M","ivs":{"hp":31,"atk":31,"def":31,"spa":31,"spd":31,"spe":31}},{"name":"Blouse","species":"blissey","item":"leftovers","ability":"Natural Cure","moves":["softboiled","wish","healbell","seismictoss"],"nature":"Bold","evs":{"hp":252,"atk":0,"def":252,"spa":0,"spd":4,"spe":0},"ivs":{"hp":31,"atk":0,"def":31,"spa":31,"spd":31,"spe":31}}],"log":["|player|p1|BatterBotto|batterbotto.png","|player|p2|SnakeXZero5 ☎|snakexzero5.png","|gametype|singles","|gen|6","|tier|OU","|rated","|seed|586,33726,12215,48732","|clearpoke","|poke|p1|Rotom-Heat|item","|poke|p1|Keldeo-Resolute|item","|poke|p1|Excadrill, M|item","|poke|p1|Tyranitar, M|item","|poke|p1|Serperior, F|item","|poke|p1|Gardevoir, F|item","|poke|p2|Togekiss, F|item","|poke|p2|Hippowdon, M|item","|poke|p2|Heracross, M|item","|poke|p2|Scolipede, F|item","|poke|p2|Weavile, M|item","|poke|p2|Blissey, F|item","|rule|Swagger Clause: Swagger is banned","|rule|Baton Pass Clause: Limit one Baton Passer, can't pass Spe and other stats simultaneously","|rule|Sleep Clause Mod: Limit one foe put to sleep","|rule|Species Clause: Limit one of each Pokémon","|rule|OHKO Clause: OHKO moves are banned","|rule|Moody Clause: Moody is banned","|rule|Evasion Moves Clause: Evasion moves are banned","|rule|Endless Battle Clause: Forcing endless battles is banned","|rule|HP Percentage Mod: HP is shown in percentages","|teampreview","|choice|team 6, team 1, team 2, team 3, team 4, team 5|team 2, team 1, team 3, team 4, team 5, team 6","|","|start","|switch|p1a: Waifumon|Gardevoir, F|281/281","|switch|p2a: Seme|Hippowdon, M|420/420","|-ability|p1a: Waifumon|Sand Stream|[from] ability: Trace|[of] p2a: Seme","|-weather|Sandstorm|[from] ability: Sand Stream|[of] p1a: Waifumon","|turn|1","|choice|move hypervoice mega|move stealthrock","|","|detailschange|p1a: Waifumon|Gardevoir-Mega, F","|-mega|p1a: Waifumon|Gardevoir|Gardevoirite","|move|p1a: Waifumon|Hyper Voice|p2a: Seme","|-damage|p2a: Seme|92/420","|move|p2a: Seme|Stealth Rock|p1a: Waifumon","|-sidestart|p1: BatterBotto|move: Stealth Rock","|","|-weather|Sandstorm|[upkeep]","|-damage|p1a: Waifumon|264/281|[from] sandstorm","|-heal|p2a: Seme|118/420|[from] item: Leftovers","|turn|2","|choice|move psyshock 1|switch 6","|","|switch|p2a: Blouse|Blissey, F|714/714","|move|p1a: Waifumon|Psyshock|p2a: Blouse","|-damage|p2a: Blouse|390/714","|","|-weather|Sandstorm|[upkeep]","|-damage|p1a: Waifumon|247/281|[from] sandstorm","|-damage|p2a: Blouse|346/714|[from] sandstorm","|-heal|p2a: Blouse|390/714|[from] item: Leftovers","|turn|3","|choice|move psyshock 1|move softboiled","|","|move|p1a: Waifumon|Psyshock|p2a: Blouse","|-damage|p2a: Blouse|69/714","|move|p2a: Blouse|Soft-Boiled|p2a: Blouse","|-heal|p2a: Blouse|426/714","|","|-weather|Sandstorm|[upkeep]","|-damage|p1a: Waifumon|230/281|[from] sandstorm","|-damage|p2a: Blouse|382/714|[from] sandstorm","|-heal|p2a: Blouse|426/714|[from] item: Leftovers","|turn|4","|choice|move taunt 1|switch 5","|","|switch|p2a: Beame|Weavile, M|281/281","|move|p1a: Waifumon|Taunt|p2a: Beame","|-start|p2a: Beame|move: Taunt","|","|-weather|Sandstorm|[upkeep]","|-damage|p2a: Beame|264/281|[from] sandstorm","|-damage|p1a: Waifumon|213/281|[from] sandstorm","|turn|5","|choice|move hypervoice|move beatup","|","|move|p2a: Beame|Beat Up|p1a: Waifumon","|-damage|p1a: Waifumon|171/281","|-damage|p1a: Waifumon|149/281","|-damage|p1a: Waifumon|104/281","|-crit|p1a: Waifumon","|-damage|p1a: Waifumon|50/281","|-damage|p1a: Waifumon|34/281","|-damage|p1a: Waifumon|0 fnt","|-hitcount|p1a: Waifumon|6","|faint|p1a: Waifumon","|","|-weather|none","|choice|switch 3|","|","|switch|p1a: D'Artagnan|Keldeo-Resolute|323/323","|-damage|p1a: D'Artagnan|303/323|[from] Stealth Rock","|turn|6","|choice|move secretsword 1|move beatup","|","|move|p2a: Beame|Beat Up|p1a: D'Artagnan","|-resisted|p1a: D'Artagnan","|-damage|p1a: D'Artagnan|286/323","|-ability|p1a: D'Artagnan|Justified|boost","|-boost|p1a: D'Artagnan|atk|1","|-resisted|p1a: D'Artagnan","|-damage|p1a: D'Artagnan|277/323","|-ability|p1a: D'Artagnan|Justified|boost","|-boost|p1a: D'Artagnan|atk|1","|-resisted|p1a: D'Artagnan","|-damage|p1a: D'Artagnan|262/323","|-ability|p1a: D'Artagnan|Justified|boost","|-boost|p1a: D'Artagnan|atk|1","|-resisted|p1a: D'Artagnan","|-damage|p1a: D'Artagnan|247/323","|-ability|p1a: D'Artagnan|Justified|boost","|-boost|p1a: D'Artagnan|atk|1","|-resisted|p1a: D'Artagnan","|-damage|p1a: D'Artagnan|241/323","|-ability|p1a: D'Artagnan|Justified|boost","|-boost|p1a: D'Artagnan|atk|1","|-resisted|p1a: D'Artagnan","|-damage|p1a: D'Artagnan|227/323","|-ability|p1a: D'Artagnan|Justified|boost","|-boost|p1a: D'Artagnan|atk|1","|-hitcount|p1a: D'Artagnan|6","|move|p1a: D'Artagnan|Secret Sword|p2a: Beame","|-supereffective|p2a: Beame","|-damage|p2a: Beame|0 fnt","|faint|p2a: Beame","|","|choice||switch 4","|","|switch|p2a: Pede|Scolipede, F|323/323","|turn|7","|choice|switch 4|move substitute","|","|switch|p1a: Diglett Sr.|Excadrill, M|361/361","|-damage|p1a: Diglett Sr.|350/361|[from] Stealth Rock","|move|p2a: Pede|Substitute|p2a: Pede","|-start|p2a: Pede|Substitute","|-damage|p2a: Pede|243/323","|","|-ability|p2a: Pede|Speed Boost|boost","|-boost|p2a: Pede|spe|1","|turn|8","|choice|move ironhead 1|move protect","|","|move|p2a: Pede|Protect|p2a: Pede","|-singleturn|p2a: Pede|Protect","|move|p1a: Diglett Sr.|Iron Head|p2a: Pede","|-activate|p2a: Pede|Protect","|","|-ability|p2a: Pede|Speed Boost|boost","|-boost|p2a: Pede|spe|1","|turn|9","|choice|move rockslide|move protect","|","|move|p2a: Pede|Protect|p2a: Pede","|-singleturn|p2a: Pede|Protect","|move|p1a: Diglett Sr.|Rock Slide|p2a: Pede","|-activate|p2a: Pede|Protect","|","|-ability|p2a: Pede|Speed Boost|boost","|-boost|p2a: Pede|spe|1","|turn|10","|choice|move rockslide|move protect","|","|move|p2a: Pede|Protect|p2a: Pede","|-fail|p2a: Pede","|move|p1a: Diglett Sr.|Rock Slide|p2a: Pede","|-supereffective|p2a: Pede","|-end|p2a: Pede|Substitute","|-damage|p1a: Diglett Sr.|314/361|[from] item: Life Orb","|","|-ability|p2a: Pede|Speed Boost|boost","|-boost|p2a: Pede|spe|1","|turn|11","|choice|move earthquake|move substitute","|","|move|p2a: Pede|Substitute|p2a: Pede","|-start|p2a: Pede|Substitute","|-damage|p2a: Pede|163/323","|move|p1a: Diglett Sr.|Earthquake|p2a: Pede","|-end|p2a: Pede|Substitute","|-damage|p1a: Diglett Sr.|278/361|[from] item: Life Orb","|","|-ability|p2a: Pede|Speed Boost|boost","|-boost|p2a: Pede|spe|1","|turn|12","|choice|move earthquake|move batonpass","|","|move|p2a: Pede|Baton Pass|p2a: Pede","|choice||switch 3","|","|switch|p2a: Crosse|Heracross, M|363/363","|move|p1a: Diglett Sr.|Earthquake|p2a: Crosse","|-resisted|p2a: Crosse","|-damage|p2a: Crosse|191/363","|-damage|p1a: Diglett Sr.|242/361|[from] item: Life Orb","|","|turn|13","|choice|move earthquake|move armthrust mega","|","|detailschange|p2a: Crosse|Heracross-Mega, M","|-mega|p2a: Crosse|Heracross|Heracronite","|move|p2a: Crosse|Arm Thrust|p1a: Diglett Sr.","|-supereffective|p1a: Diglett Sr.","|-damage|p1a: Diglett Sr.|132/361","|-supereffective|p1a: Diglett Sr.","|-damage|p1a: Diglett Sr.|24/361","|-supereffective|p1a: Diglett Sr.","|-damage|p1a: Diglett Sr.|0 fnt","|-hitcount|p1a: Diglett Sr.|3","|faint|p1a: Diglett Sr.","|","|choice|switch 4|","|","|switch|p1a: D'Artagnan|Keldeo-Resolute|227/323","|-damage|p1a: D'Artagnan|207/323|[from] Stealth Rock","|turn|14","|choice|move scald 1|move bulletseed","|","|move|p2a: Crosse|Bullet Seed|p1a: D'Artagnan","|-supereffective|p1a: D'Artagnan","|-crit|p1a: D'Artagnan","|-damage|p1a: D'Artagnan|59/323","|-supereffective|p1a: D'Artagnan","|-damage|p1a: D'Artagnan|0 fnt","|-hitcount|p1a: D'Artagnan|2","|faint|p1a: D'Artagnan","|","|choice|switch 2|","|","|switch|p1a: U.N. Oven Was Her|Rotom-Heat|303/303","|-damage|p1a: U.N. Oven Was Her|228/303|[from] Stealth Rock","|turn|15","|choice|move overheat 1|move rockblast","|","|move|p2a: Crosse|Rock Blast|p1a: U.N. Oven Was Her","|-supereffective|p1a: U.N. Oven Was Her","|-damage|p1a: U.N. Oven Was Her|162/303","|-supereffective|p1a: U.N. Oven Was Her","|-damage|p1a: U.N. Oven Was Her|100/303","|-supereffective|p1a: U.N. Oven Was Her","|-damage|p1a: U.N. Oven Was Her|32/303","|-supereffective|p1a: U.N. Oven Was Her","|-damage|p1a: U.N. Oven Was Her|0 fnt","|-hitcount|p1a: U.N. Oven Was Her|4","|faint|p1a: U.N. Oven Was Her","|","|choice|switch 6|","|","|switch|p1a: SNEK STAHP|Serperior, F|291/291","|-damage|p1a: SNEK STAHP|255/291|[from] Stealth Rock","|turn|16","|choice|move leafstorm 1|move pinmissile","|","|move|p2a: Crosse|Pin Missile|p1a: SNEK STAHP","|-supereffective|p1a: SNEK STAHP","|-damage|p1a: SNEK STAHP|121/291","|-supereffective|p1a: SNEK STAHP","|-damage|p1a: SNEK STAHP|0 fnt","|-hitcount|p1a: SNEK STAHP|2","|faint|p1a: SNEK STAHP","|","|choice|switch 5|","|","|switch|p1a: Armor|Tyranitar, M|404/404","|-damage|p1a: Armor|354/404|[from] Stealth Rock","|-weather|Sandstorm|[from] ability: Sand Stream|[of] p1a: Armor","|turn|17","|choice|move rockslide|move armthrust","|","|move|p2a: Crosse|Arm Thrust|p1a: Armor","|-supereffective|p1a: Armor","|-damage|p1a: Armor|206/404","|-supereffective|p1a: Armor","|-damage|p1a: Armor|46/404","|-supereffective|p1a: Armor","|-damage|p1a: Armor|0 fnt","|-hitcount|p1a: Armor|3","|faint|p1a: Armor","|","|win|SnakeXZero5 ☎"],"p1rating":1149.1037828427893,"p2rating":1066.8101757207367,"endType":"normal"}