{"seed":[4362,55279,55159,45276],"turns":25,"p1":"BatterBotto","p2":"ShinxTheJinx","p1team":[{"name":"Seismitoad","species":"Seismitoad","item":"leftovers","ability":"Water Absorb","moves":["stealthrock","scald","earthpower","toxic"],"nature":"Bold","evs":{"hp":248,"atk":0,"def":240,"spa":0,"spd":20,"spe":0},"gender":"M","ivs":{"hp":31,"atk":0,"def":31,"spa":31,"spd":31,"spe":31}},{"name":"Skarmory","species":"Skarmory","item":"rockyhelmet","ability":"Sturdy","moves":["spikes","ironhead","roost","whirlwind"],"nature":"Impish","evs":{"hp":248,"atk":0,"def":0,"spa":0,"spd":236,"spe":24},"gender":"F","ivs":{"hp":31,"atk":31,"def":31,"spa":31,"spd":31,"spe":31}},{"name":"Clefable","species":"Clefable","item":"leftovers","ability":"Magic Guard","moves":["calmmind","moonblast","flamethrower","softboiled"],"nature":"Calm","evs":{"hp":252,"atk":0,"def":160,"spa":0,"spd":96,"spe":0},"gender":"F","ivs":{"hp":31,"atk":0,"def":31,"spa":31,"spd":31,"spe":31}},{"name":"Tyranitar","species":"Tyranitar","item":"choiceband","ability":"Sand Stream","moves":["pursuit","stoneedge","crunch","icepunch"],"nature":"Adamant","evs":{"hp":56,"atk":252,"def":4,"spa":0,"spd":0,"spe":196},"gender":"M","ivs":{"hp":31,"atk":31,"def":31,"spa":31,"spd":31,"spe":31}},{"name":"Gengar","species":"Gengar","item":"choicescarf","ability":"Levitate","moves":["shadowball","sludgewave","focusblast","trick"],"nature":"Timid","evs":{"hp":0,"atk":0,"def":0,"spa":252,"spd":4,"spe":252},"gender":"M","ivs":{"hp":31,"atk":0,"def":31,"spa":31,"spd":31,"spe":31},"shiny":true},{"name":"Latias","species":"Latias","item":"latiasite","ability":"Levitate","moves":["thunderbolt","icebeam","roost","thunderwave"],"nature":"Timid","evs":{"hp":248,"atk":0,"def":32,"spa":12,"spd":0,"spe":216},"ivs":{"hp":31,"atk":0,"def":31,"spa":31,"spd":31,"spe":31}}],"p2team":[{"name":"Manaphy","species":"Manaphy","item":"lifeorb","ability":"Hydration","moves":["tailglow","surf","icebeam","energyball"],"nature":"Timid","evs":{"hp":0,"atk":0,"def":0,"spa":252,"spd":4,"spe":252},"ivs":{"hp":31,"atk":0,"def":31,"spa":31,"spd":31,"spe":31}},{"name":"Diancie","species":"Diancie","item":"diancite","ability":"Clear Body","moves":["protect","ancientpower","moonblast","earthpower"],"nature":"Timid","evs":{"hp":0,"atk":0,"def":0,"spa":252,"spd":4,"spe":252},"ivs":{"hp":31,"atk":0,"def":31,"spa":31,"spd":31,"spe":31}},{"name":"Victini","species":"Victini","item":"choicescarf","ability":"Victory Star","moves":["vcreate","zenheadbutt","uturn","boltstrike"],"nature":"Jolly","evs":{"hp":0,"atk":252,"def":0,"spa":0,"spd":4,"spe":252},"ivs":{"hp":31,"atk":31,"def":31,"spa":31,"spd":31,"spe":31}},{"name":"Jirachi","species":"Jirachi","item":"choicescarf","ability":"Serene Grace","moves":["ironhead","zenheadbutt","firepunch","bodyslam"],"nature":"Jolly","evs":{"hp":0,"atk":252,"def":0,"spa":0,"spd":4,"spe":252},"ivs":{"hp":31,"atk":31,"def":31,"spa":31,"spd":31,"spe":31}},{"name":"Skarmory","species":"Skarmory","item":"leftovers","ability":"Sturdy","moves":["defog","spikes","stealthrock","whirlwind"],"nature":"Bold","evs":{"hp":24,"atk":0,"def":232,"spa":0,"spd":252,"spe":0},"ivs":{"hp":31,"atk":0,"def":31,"spa":31,"spd":31,"spe":31}},{"name":"Talonflame","species":"Talonflame","item":"lifeorb","ability":"Gale Wings","moves":["bravebird","flareblitz","swordsdance","willowisp"],"nature":"Jolly","evs":{"hp":0,"atk":252,"def":0,"spa":0,"spd":4,"spe":252},"ivs":{"hp":31,"atk":31,"def":31,"spa":31,"spd":31,"spe":31}}],"log":["|player|p1|BatterBotto|batterbotto.png","|player|p2|ShinxTheJinx|200","|gametype|singles","|gen|6","|tier|OU","|rated","|seed|4362,55279,55159,45276","|clearpoke","|poke|p1|Seismitoad, M|item","|poke|p1|Skarmory, F|item","|poke|p1|Clefable, F|item","|poke|p1|Tyranitar, M|item","|poke|p1|Gengar, M, shiny|item","|poke|p1|Latias, F|item","|poke|p2|Manaphy|item","|poke|p2|Diancie|item","|poke|p2|Victini|item","|poke|p2|Jirachi|item","|poke|p2|Skarmory, F|item","|poke|p2|Talonflame, F|item","|rule|Swagger Clause: Swagger is banned","|rule|Baton Pass Clause: Limit one Baton Passer, can't pass Spe and other stats simultaneously","|rule|Sleep Clause Mod: Limit one foe put to sleep","|rule|Species Clause: Limit one of each Pokémon","|rule|OHKO Clause: OHKO moves are banned","|rule|Moody Clause: Moody is banned","|rule|Evasion Moves Clause: Evasion moves are banned","|rule|Endless Battle Clause: Forcing endless battles is banned","|rule|HP Percentage Mod: HP is shown in percentages","|teampreview","|choice|team 6, team 1, team 2, team 3, team 4, team 5|team 5, team 2, team 3, team 4, team 1, team 6","|","|start","|switch|p1a: Latias|Latias, F|363/363","|switch|p2a: Skarmory|Skarmory, F|277/277","|turn|1","|choice|move thunderbolt 1 mega|move stealthrock","|","|detailschange|p1a: Latias|Latias-Mega, F","|-mega|p1a: Latias|Latias|Latiasite","|move|p1a: Latias|Thunderbolt|p2a: Skarmory","|-supereffective|p2a: Skarmory","|-damage|p2a: Skarmory|77/277","|move|p2a: Skarmory|Stealth Rock|p1a: Latias","|-sidestart|p1: BatterBotto|move: Stealth Rock","|","|-heal|p2a: Skarmory|94/277|[from] item: Leftovers","|turn|2","|choice|move thunderbolt 1|move spikes","|","|move|p1a: Latias|Thunderbolt|p2a: Skarmory","|-supereffective|p2a: Skarmory","|-damage|p2a: Skarmory|0 fnt","|faint|p2a: Skarmory","|","|choice||switch 2","|","|switch|p2a: Diancie|Diancie|241/241","|turn|3","|choice|switch 2|move ancientpower mega","|","|switch|p1a: Seismitoad|Seismitoad, M|413/413","|-damage|p1a: Seismitoad|388/413|[from] Stealth Rock","|detailschange|p2a: Diancie|Diancie-Mega","|-mega|p2a: Diancie|Diancie|Diancite","|move|p2a: Diancie|Ancient Power|p1a: Seismitoad","|-resisted|p1a: Seismitoad","|-damage|p1a: Seismitoad|316/413","|","|-heal|p1a: Seismitoad|341/413|[from] item: Leftovers","|turn|4","|choice|move earthpower 1|switch 5","|","|switch|p2a: Manaphy|Manaphy|341/341","|move|p1a: Seismitoad|Earth Power|p2a: Manaphy","|-damage|p2a: Manaphy|256/341","|","|-heal|p1a: Seismitoad|366/413|[from] item: Leftovers","|turn|5","|choice|switch 2|move icebeam","|","|switch|p1a: Latias|Latias-Mega, F|363/363","|-damage|p1a: Latias|318/363|[from] Stealth Rock","|move|p2a: Manaphy|Ice Beam|p1a: Latias","|-supereffective|p1a: Latias","|-damage|p1a: Latias|162/363","|-damage|p2a: Manaphy|222/341|[from] item: Life Orb","|","|turn|6","|choice|move thunderbolt 1|move icebeam","|","|move|p1a: Latias|Thunderbolt|p2a: Manaphy","|-supereffective|p2a: Manaphy","|-damage|p2a: Manaphy|30/341","|move|p2a: Manaphy|Ice Beam|p1a: Latias","|-supereffective|p1a: Latias","|-damage|p1a: Latias|3/363","|-damage|p2a: Manaphy|0 fnt|[from] item: Life Orb","|faint|p2a: Manaphy","|","|choice||switch 5","|","|switch|p2a: Diancie|Diancie-Mega|241/241","|turn|7","|choice|move icebeam 1|move ancientpower","|","|move|p2a: Diancie|Ancient Power|p1a: Latias","|-damage|p1a: Latias|0 fnt","|faint|p1a: Latias","|","|choice|switch 2|","|","|switch|p1a: Seismitoad|Seismitoad, M|366/413","|-damage|p1a: Seismitoad|341/413|[from] Stealth Rock","|turn|8","|choice|move earthpower 1|switch 6","|","|switch|p2a: Talonflame|Talonflame, F|297/297","|move|p1a: Seismitoad|Earth Power|p2a: Talonflame","|-immune|p2a: Talonflame|[msg]","|","|-heal|p1a: Seismitoad|366/413|[from] item: Leftovers","|turn|9","|choice|move scald 1|move bravebird","|","|move|p2a: Talonflame|Brave Bird|p1a: Seismitoad","|-damage|p1a: Seismitoad|178/413","|-damage|p2a: Talonflame|235/297|[from] recoil|[of] p1a: Seismitoad","|-damage|p2a: Talonflame|206/297|[from] item: Life Orb","|move|p1a: Seismitoad|Scald|p2a: Talonflame","|-supereffective|p2a: Talonflame","|-damage|p2a: Talonflame|0 fnt","|faint|p2a: Talonflame","|","|-heal|p1a: Seismitoad|203/413|[from] item: Leftovers","|choice||switch 6","|","|switch|p2a: Diancie|Diancie-Mega|241/241","|turn|10","|choice|move earthpower 1|move moonblast","|","|move|p2a: Diancie|Moonblast|p1a: Seismitoad","|-damage|p1a: Seismitoad|0 fnt","|faint|p1a: Seismitoad","|","|choice|switch 3|","|","|switch|p1a: Skarmory|Skarmory, F|333/333","|-damage|p1a: Skarmory|292/333|[from] Stealth Rock","|turn|11","|choice|move ironhead 1|switch 3","|","|switch|p2a: Victini|Victini|341/341","|move|p1a: Skarmory|Iron Head|p2a: Victini","|-resisted|p2a: Victini","|-damage|p2a: Victini|301/341","|","|turn|12","|choice|switch 5|move vcreate","|","|switch|p1a: Tyranitar|Tyranitar, M|355/355","|-damage|p1a: Tyranitar|311/355|[from] Stealth Rock","|-weather|Sandstorm|[from] ability: Sand Stream|[of] p1a: Tyranitar","|move|p2a: Victini|V-create|p1a: Tyranitar","|-resisted|p1a: Tyranitar","|-damage|p1a: Tyranitar|183/355","|-unboost|p2a: Victini|spe|1","|-unboost|p2a: Victini|def|1","|-unboost|p2a: Victini|spd|1","|","|-weather|Sandstorm|[upkeep]","|-damage|p2a: Victini|280/341|[from] sandstorm","|turn|13","|choice|move stoneedge 1|switch 3","|","|switch|p2a: Diancie|Diancie-Mega|241/241","|move|p1a: Tyranitar|Stone Edge|p2a: Diancie","|-damage|p2a: Diancie|0 fnt","|faint|p2a: Diancie","|","|-weather|Sandstorm|[upkeep]","|choice||switch 4","|","|switch|p2a: Jirachi|Jirachi|341/341","|turn|14","|choice|switch 5|move ironhead","|","|switch|p1a: Skarmory|Skarmory, F|292/333","|-damage|p1a: Skarmory|251/333|[from] Stealth Rock","|move|p2a: Jirachi|Iron Head|p1a: Skarmory","|-resisted|p1a: Skarmory","|-damage|p1a: Skarmory|214/333","|-damage|p2a: Jirachi|285/341|[from] item: Rocky Helmet|[of] p1a: Skarmory","|","|-weather|Sandstorm|[upkeep]","|turn|15","|choice|move spikes|move ironhead","|","|move|p2a: Jirachi|Iron Head|p1a: Skarmory","|-resisted|p1a: Skarmory","|-damage|p1a: Skarmory|174/333","|-damage|p2a: Jirachi|229/341|[from] item: Rocky Helmet|[of] p1a: Skarmory","|cant|p1a: Skarmory|flinch","|","|-weather|Sandstorm|[upkeep]","|turn|16","|choice|move roost|switch 3","|","|switch|p2a: Victini|Victini|280/341","|move|p1a: Skarmory|Roost|p1a: Skarmory","|-heal|p1a: Skarmory|333/333","|","|-weather|none","|turn|17","|choice|switch 5|move vcreate","|","|switch|p1a: Tyranitar|Tyranitar, M|183/355","|-damage|p1a: Tyranitar|139/355|[from] Stealth Rock","|-weather|Sandstorm|[from] ability: Sand Stream|[of] p1a: Tyranitar","|move|p2a: Victini|V-create|p1a: Tyranitar","|-resisted|p1a: Tyranitar","|-damage|p1a: Tyranitar|23/355","|-unboost|p2a: Victini|spe|1","|-unboost|p2a: Victini|def|1","|-unboost|p2a: Victini|spd|1","|","|-weather|Sandstorm|[upkeep]","|-damage|p2a: Victini|259/341|[from] sandstorm","|turn|18","|choice|move pursuit 1|move vcreate","|","|move|p2a: Victini|V-create|p1a: Tyranitar","|-resisted|p1a: Tyranitar","|-damage|p1a: Tyranitar|0 fnt","|-unboost|p2a: Victini|spe|1","|-unboost|p2a: Victini|def|1","|-unboost|p2a: Victini|spd|1","|faint|p1a: Tyranitar","|","|-weather|Sandstorm|[upkeep]","|-damage|p2a: Victini|238/341|[from] sandstorm","|choice|switch 4|","|","|switch|p1a: Clefable|Clefable, F|394/394","|turn|19","|choice|move moonblast 1|switch 3","|","|switch|p2a: Jirachi|Jirachi|229/341","|move|p1a: Clefable|Moonblast|p2a: Jirachi","|-resisted|p2a: Jirachi","|-damage|p2a: Jirachi|178/341","|-unboost|p2a: Jirachi|spa|1","|","|-weather|Sandstorm|[upkeep]","|turn|20","|choice|move calmmind|move ironhead","|","|move|p2a: Jirachi|Iron Head|p1a: Clefable","|-supereffective|p1a: Clefable","|-damage|p1a: Clefable|136/394","|cant|p1a: Clefable|flinch","|","|-weather|Sandstorm|[upkeep]","|-heal|p1a: Clefable|160/394|[from] item: Leftovers","|turn|21","|choice|move softboiled|move ironhead","|","|move|p2a: Jirachi|Iron Head|p1a: Clefable","|-supereffective|p1a: Clefable","|-crit|p1a: Clefable","|-damage|p1a: Clefable|0 fnt","|faint|p1a: Clefable","|","|-weather|none","|choice|switch 5|","|","|switch|p1a: Skarmory|Skarmory, F|333/333","|-damage|p1a: Skarmory|292/333|[from] Stealth Rock","|turn|22","|choice|move ironhead 1|switch 3","|","|switch|p2a: Victini|Victini|238/341","|move|p1a: Skarmory|Iron Head|p2a: Victini","|-resisted|p2a: Victini","|-damage|p2a: Victini|197/341","|","|turn|23","|choice|move spikes|move vcreate","|","|move|p2a: Victini|V-create|p1a: Skarmory","|-supereffective|p1a: Skarmory","|-crit|p1a: Skarmory","|-damage|p1a: Skarmory|0 fnt","|-damage|p2a: Victini|141/341|[from] item: Rocky Helmet|[of] p1a: Skarmory","|-unboost|p2a: Victini|spe|1","|-unboost|p2a: Victini|def|1","|-unboost|p2a: Victini|spd|1","|faint|p1a: Skarmory","|","|choice|switch 6|","|","|switch|p1a: Gengar|Gengar, M, shiny|261/261","|-damage|p1a: Gengar|229/261|[from] Stealth Rock","|turn|24","|choice|move sludgewave|switch 3","|","|switch|p2a: Jirachi|Jirachi|178/341","|move|p1a: Gengar|Sludge Wave|p2a: Jirachi","|-immune|p2a: Jirachi|[msg]","|","|turn|25","|choice|move sludgewave|move zenheadbutt","|","|move|p1a: Gengar|Sludge Wave|p2a: Jirachi","|-immune|p2a: Jirachi|[msg]","|move|p2a: Jirachi|Zen Headbutt|p1a: Gengar","|-supereffective|p1a: Gengar","|-damage|p1a: Gengar|0 fnt","|faint|p1a: Gengar","|","|win|ShinxTheJinx"],"p1rating":1150.1500019043826,"p2rating":1361.5409275349589,"endType":"normal"}