{"seed":[60933,1805,46479,1209],"turns":21,"p1":"BatterBotto","p2":"charizard8888","p1team":[{"name":"Seismitoad","species":"Seismitoad","item":"leftovers","ability":"Water Absorb","moves":["stealthrock","scald","earthpower","toxic"],"nature":"Bold","evs":{"hp":248,"atk":0,"def":240,"spa":0,"spd":20,"spe":0},"gender":"M","ivs":{"hp":31,"atk":0,"def":31,"spa":31,"spd":31,"spe":31}},{"name":"Skarmory","species":"Skarmory","item":"rockyhelmet","ability":"Sturdy","moves":["spikes","ironhead","roost","whirlwind"],"nature":"Impish","evs":{"hp":248,"atk":0,"def":0,"spa":0,"spd":236,"spe":24},"gender":"F","ivs":{"hp":31,"atk":31,"def":31,"spa":31,"spd":31,"spe":31}},{"name":"Clefable","species":"Clefable","item":"leftovers","ability":"Magic Guard","moves":["calmmind","moonblast","flamethrower","softboiled"],"nature":"Calm","evs":{"hp":252,"atk":0,"def":160,"spa":0,"spd":96,"spe":0},"gender":"F","ivs":{"hp":31,"atk":0,"def":31,"spa":31,"spd":31,"spe":31}},{"name":"Tyranitar","species":"Tyranitar","item":"choiceband","ability":"Sand Stream","moves":["pursuit","stoneedge","crunch","icepunch"],"nature":"Adamant","evs":{"hp":56,"atk":252,"def":4,"spa":0,"spd":0,"spe":196},"gender":"M","ivs":{"hp":31,"atk":31,"def":31,"spa":31,"spd":31,"spe":31}},{"name":"Gengar","species":"Gengar","item":"choicescarf","ability":"Levitate","moves":["shadowball","sludgewave","focusblast","trick"],"nature":"Timid","evs":{"hp":0,"atk":0,"def":0,"spa":252,"spd":4,"spe":252},"gender":"M","ivs":{"hp":31,"atk":0,"def":31,"spa":31,"spd":31,"spe":31},"shiny":true},{"name":"Latias","species":"Latias","item":"latiasite","ability":"Levitate","moves":["thunderbolt","icebeam","roost","thunderwave"],"nature":"Timid","evs":{"hp":248,"atk":0,"def":32,"spa":12,"spd":0,"spe":216},"ivs":{"hp":31,"atk":0,"def":31,"spa":31,"spd":31,"spe":31}}],"p2team":[{"name":"Charizard","species":"Charizard","item":"charizarditex","ability":"Blaze","moves":["dragondance","dragonclaw","flareblitz","earthquake"],"nature":"Jolly","evs":{"hp":0,"atk":252,"def":0,"spa":0,"spd":4,"spe":252},"ivs":{"hp":31,"atk":31,"def":31,"spa":31,"spd":31,"spe":31}},{"name":"Darmanitan","species":"Darmanitan","item":"choicescarf","ability":"Sheer Force","moves":["flareblitz","uturn","earthquake","superpower"],"nature":"Adamant","evs":{"hp":0,"atk":252,"def":0,"spa":0,"spd":4,"spe":252},"ivs":{"hp":31,"atk":31,"def":31,"spa":31,"spd":31,"spe":31}},{"name":"Absol","species":"Absol","item":"lifeorb","ability":"Super Luck","moves":["knockoff","suckerpunch","psychocut","superpower"],"nature":"Adamant","evs":{"hp":0,"atk":252,"def":0,"spa":0,"spd":4,"spe":252},"ivs":{"hp":31,"atk":31,"def":31,"spa":31,"spd":31,"spe":31}},{"name":"Excadrill","species":"Excadrill","item":"lifeorb","ability":"Sand Rush","moves":["earthquake","ironhead","rockslide","rapidspin"],"nature":"Jolly","evs":{"hp":0,"atk":252,"def":0,"spa":0,"spd":4,"spe":252},"ivs":{"hp":31,"atk":31,"def":31,"spa":31,"spd":31,"spe":31}},{"name":"Serperior","species":"Serperior","item":"lifeorb","ability":"Contrary","moves":["leafstorm","dragonpulse","hiddenpowerfire","substitute"],"nature":"Timid","evs":{"hp":0,"atk":0,"def":0,"spa":252,"spd":4,"spe":252},"ivs":{"hp":31,"atk":0,"def":31,"spa":30,"spd":31,"spe":30}},{"name":"Lucario","species":"Lucario","item":"lifeorb","ability":"Inner Focus","moves":["closecombat","extremespeed","icepunch","blazekick"],"nature":"Jolly","evs":{"hp":0,"atk":252,"def":0,"spa":0,"spd":4,"spe":252},"ivs":{"hp":31,"atk":31,"def":31,"spa":31,"spd":31,"spe":31}}],"log":["|player|p1|BatterBotto|batterbotto.png","|player|p2|charizard8888|charizard8888.gif","|gametype|singles","|gen|6","|tier|OU","|rated","|seed|60933,1805,46479,1209","|clearpoke","|poke|p1|Seismitoad, M|item","|poke|p1|Skarmory, F|item","|poke|p1|Clefable, F|item","|poke|p1|Tyranitar, M|item","|poke|p1|Gengar, M, shiny|item","|poke|p1|Latias, F|item","|poke|p2|Charizard, M|item","|poke|p2|Darmanitan, F|item","|poke|p2|Absol, M|item","|poke|p2|Excadrill, M|item","|poke|p2|Serperior, F|item","|poke|p2|Lucario, F|item","|rule|Swagger Clause: Swagger is banned","|rule|Baton Pass Clause: Limit one Baton Passer, can't pass Spe and other stats simultaneously","|rule|Sleep Clause Mod: Limit one foe put to sleep","|rule|Species Clause: Limit one of each Pokémon","|rule|OHKO Clause: OHKO moves are banned","|rule|Moody Clause: Moody is banned","|rule|Evasion Moves Clause: Evasion moves are banned","|rule|Endless Battle Clause: Forcing endless battles is banned","|rule|HP Percentage Mod: HP is shown in percentages","|teampreview","|choice|team 2, team 1, team 3, team 4, team 5, team 6|team 3, team 2, team 1, team 4, team 5, team 6","|","|start","|switch|p1a: Skarmory|Skarmory, F|333/333","|switch|p2a: Absol|Absol, M|271/271","|turn|1","|choice|switch 4|move knockoff","|","|switch|p1a: Tyranitar|Tyranitar, M|355/355","|-weather|Sandstorm|[from] ability: Sand Stream|[of] p1a: Tyranitar","|move|p2a: Absol|Knock Off|p1a: Tyranitar","|-resisted|p1a: Tyranitar","|-damage|p1a: Tyranitar|242/355","|-enditem|p1a: Tyranitar|Choice Band|[from] move: Knock Off|[of] p2a: Absol","|-damage|p2a: Absol|244/271|[from] item: Life Orb","|","|-weather|Sandstorm|[upkeep]","|-damage|p2a: Absol|228/271|[from] sandstorm","|turn|2","|choice|move stoneedge 1|move superpower","|","|move|p2a: Absol|Superpower|p1a: Tyranitar","|-supereffective|p1a: Tyranitar","|-damage|p1a: Tyranitar|0 fnt","|-unboost|p2a: Absol|atk|1","|-unboost|p2a: Absol|def|1","|-damage|p2a: Absol|201/271|[from] item: Life Orb","|faint|p1a: Tyranitar","|","|-weather|Sandstorm|[upkeep]","|-damage|p2a: Absol|185/271|[from] sandstorm","|choice|switch 3|","|","|switch|p1a: Clefable|Clefable, F|394/394","|turn|3","|choice|move moonblast 1|move knockoff","|","|move|p2a: Absol|Knock Off|p1a: Clefable","|-resisted|p1a: Clefable","|-damage|p1a: Clefable|308/394","|-enditem|p1a: Clefable|Leftovers|[from] move: Knock Off|[of] p2a: Absol","|-damage|p2a: Absol|158/271|[from] item: Life Orb","|move|p1a: Clefable|Moonblast|p2a: Absol","|-supereffective|p2a: Absol","|-damage|p2a: Absol|0 fnt","|faint|p2a: Absol","|","|-weather|Sandstorm|[upkeep]","|choice||switch 4","|","|switch|p2a: Excadrill|Excadrill, M|361/361","|turn|4","|choice|switch 4|move ironhead","|","|switch|p1a: Skarmory|Skarmory, F|333/333","|move|p2a: Excadrill|Iron Head|p1a: Skarmory","|-resisted|p1a: Skarmory","|-damage|p1a: Skarmory|273/333","|-damage|p2a: Excadrill|301/361|[from] item: Rocky Helmet|[of] p1a: Skarmory","|-damage|p2a: Excadrill|265/361|[from] item: Life Orb","|","|-weather|Sandstorm|[upkeep]","|turn|5","|choice|move roost|switch 2","|","|switch|p2a: Darmanitan|Darmanitan, F|351/351","|move|p1a: Skarmory|Roost|p1a: Skarmory","|-heal|p1a: Skarmory|333/333","|","|-weather|none","|turn|6","|choice|switch 2|move flareblitz","|","|switch|p1a: Seismitoad|Seismitoad, M|413/413","|move|p2a: Darmanitan|Flare Blitz|p1a: Seismitoad","|-resisted|p1a: Seismitoad","|-damage|p1a: Seismitoad|284/413","|-damage|p2a: Darmanitan|308/351|[from] recoil|[of] p1a: Seismitoad","|","|-heal|p1a: Seismitoad|309/413|[from] item: Leftovers","|turn|7","|choice|move stealthrock|move flareblitz","|","|move|p2a: Darmanitan|Flare Blitz|p1a: Seismitoad","|-resisted|p1a: Seismitoad","|-damage|p1a: Seismitoad|157/413","|-damage|p2a: Darmanitan|258/351|[from] recoil|[of] p1a: Seismitoad","|move|p1a: Seismitoad|Stealth Rock|p2a: Darmanitan","|-sidestart|p2: charizard8888|move: Stealth Rock","|","|-heal|p1a: Seismitoad|182/413|[from] item: Leftovers","|turn|8","|choice|move scald 1|move flareblitz","|","|move|p2a: Darmanitan|Flare Blitz|p1a: Seismitoad","|-resisted|p1a: Seismitoad","|-crit|p1a: Seismitoad","|-damage|p1a: Seismitoad|0 fnt","|-damage|p2a: Darmanitan|198/351|[from] recoil|[of] p1a: Seismitoad","|faint|p1a: Seismitoad","|","|choice|switch 6|","|","|switch|p1a: Latias|Latias, F|363/363","|turn|9","|choice|move thunderbolt 1 mega|move flareblitz","|","|detailschange|p1a: Latias|Latias-Mega, F","|-mega|p1a: Latias|Latias|Latiasite","|move|p2a: Darmanitan|Flare Blitz|p1a: Latias","|-resisted|p1a: Latias","|-damage|p1a: Latias|220/363","|-damage|p2a: Darmanitan|151/351|[from] recoil|[of] p1a: Latias","|move|p1a: Latias|Thunderbolt|p2a: Darmanitan","|-damage|p2a: Darmanitan|7/351","|","|turn|10","|choice|move thunderbolt 1|move flareblitz","|","|move|p2a: Darmanitan|Flare Blitz|p1a: Latias","|-resisted|p1a: Latias","|-crit|p1a: Latias","|-damage|p1a: Latias|30/363","|-damage|p2a: Darmanitan|0 fnt|[from] recoil|[of] p1a: Latias","|faint|p2a: Darmanitan","|move|p1a: Latias|Thunderbolt|p2: Darmanitan|[notarget]","|-notarget","|","|choice||switch 2","|","|switch|p2a: Excadrill|Excadrill, M|265/361","|-damage|p2a: Excadrill|254/361|[from] Stealth Rock","|turn|11","|choice|switch 2|move rapidspin","|","|switch|p1a: Skarmory|Skarmory, F|333/333","|move|p2a: Excadrill|Rapid Spin|p1a: Skarmory","|-resisted|p1a: Skarmory","|-damage|p1a: Skarmory|321/333","|-damage|p2a: Excadrill|194/361|[from] item: Rocky Helmet|[of] p1a: Skarmory","|-sideend|p2: charizard8888|Stealth Rock|[from] move: Rapid Spin|[of] p2a: Excadrill","|-damage|p2a: Excadrill|158/361|[from] item: Life Orb","|","|turn|12","|choice|move spikes|switch 5","|","|switch|p2a: Serperior|Serperior, F|291/291","|move|p1a: Skarmory|Spikes|p2a: Serperior","|-sidestart|p2: charizard8888|Spikes","|","|turn|13","|choice|move ironhead 1|move leafstorm","|","|move|p2a: Serperior|Leaf Storm|p1a: Skarmory","|-resisted|p1a: Skarmory","|-damage|p1a: Skarmory|270/333","|-boost|p2a: Serperior|spa|2","|-damage|p2a: Serperior|262/291|[from] item: Life Orb","|move|p1a: Skarmory|Iron Head|p2a: Serperior","|-damage|p2a: Serperior|184/291","|","|turn|14","|choice|move ironhead 1|move hiddenpower","|","|move|p2a: Serperior|Hidden Power|p1a: Skarmory","|-supereffective|p1a: Skarmory","|-damage|p1a: Skarmory|18/333","|-damage|p2a: Serperior|155/291|[from] item: Life Orb","|move|p1a: Skarmory|Iron Head|p2a: Serperior","|-damage|p2a: Serperior|79/291","|","|turn|15","|choice|move spikes|move hiddenpower","|","|move|p2a: Serperior|Hidden Power|p1a: Skarmory","|-supereffective|p1a: Skarmory","|-damage|p1a: Skarmory|0 fnt","|-damage|p2a: Serperior|50/291|[from] item: Life Orb","|faint|p1a: Skarmory","|","|choice|switch 5|","|","|switch|p1a: Gengar|Gengar, M, shiny|261/261","|turn|16","|choice|move focusblast 1|move leafstorm","|","|move|p1a: Gengar|Focus Blast|p2a: Serperior","|-crit|p2a: Serperior","|-damage|p2a: Serperior|0 fnt","|faint|p2a: Serperior","|","|choice||switch 3","|","|switch|p2a: Charizard|Charizard, M|297/297","|turn|17","|choice|switch 2|move flareblitz mega","|","|switch|p1a: Latias|Latias-Mega, F|30/363","|detailschange|p2a: Charizard|Charizard-Mega-X, M","|-mega|p2a: Charizard|Charizard|Charizardite X","|move|p2a: Charizard|Flare Blitz|p1a: Latias","|-resisted|p1a: Latias","|-damage|p1a: Latias|0 fnt","|-damage|p2a: Charizard|287/297|[from] recoil|[of] p1a: Latias","|faint|p1a: Latias","|","|choice|switch 4|","|","|switch|p1a: Clefable|Clefable, F|308/394","|turn|18","|choice|move softboiled|move flareblitz","|","|move|p2a: Charizard|Flare Blitz|p1a: Clefable","|-damage|p1a: Clefable|37/394","|-damage|p2a: Charizard|198/297|[from] recoil|[of] p1a: Clefable","|move|p1a: Clefable|Soft-Boiled|p1a: Clefable","|-heal|p1a: Clefable|234/394","|","|turn|19","|choice|move softboiled|move flareblitz","|","|move|p2a: Charizard|Flare Blitz|p1a: Clefable","|-damage|p1a: Clefable|0 fnt","|-damage|p2a: Charizard|121/297|[from] recoil|[of] p1a: Clefable","|faint|p1a: Clefable","|","|choice|switch 2|","|","|switch|p1a: Gengar|Gengar, M, shiny|261/261","|turn|20","|choice|move focusblast 1|move flareblitz","|","|move|p1a: Gengar|Focus Blast|p2a: Charizard","|-damage|p2a: Charizard|0 fnt","|faint|p2a: Charizard","|","|choice||switch 5","|","|switch|p2a: Excadrill|Excadrill, M|158/361","|-damage|p2a: Excadrill|113/361|[from] Spikes","|turn|21","|choice|move focusblast 1|move ironhead","|","|move|p1a: Gengar|Focus Blast|p2a: Excadrill|[miss]","|-miss|p1a: Gengar|p2a: Excadrill","|move|p2a: Excadrill|Iron Head|p1a: Gengar","|-damage|p1a: Gengar|0 fnt","|-damage|p2a: Excadrill|77/361|[from] item: Life Orb","|faint|p1a: Gengar","|","|win|charizard8888"],"p1rating":1128.0158672810735,"p2rating":1245.1446092982928,"endType":"normal"}