{"seed":[23882,50892,25775,33722],"turns":25,"p1":"Digital Edge","p2":"FlareonDriod","p1team":[{"name":"SSD","species":"metagross","item":"metagrossite","ability":"Clear Body","moves":["meteormash","bulletpunch","hammerarm","zenheadbutt"],"nature":"Adamant","evs":{"hp":0,"atk":252,"def":0,"spa":0,"spd":4,"spe":252},"ivs":{"hp":31,"atk":31,"def":31,"spa":31,"spd":31,"spe":31}},{"name":"FTLO","species":"talonflame","item":"leftovers","ability":"Gale Wings","moves":["fireblast","bravebird","willowisp","roost"],"nature":"Brave","evs":{"hp":136,"atk":252,"def":0,"spa":120,"spd":0,"spe":0},"ivs":{"hp":31,"atk":31,"def":31,"spa":31,"spd":31,"spe":31}},{"name":"Weav","species":"weavile","item":"choiceband","ability":"Pressure","moves":["lowkick","iciclecrash","knockoff","pursuit"],"nature":"Adamant","evs":{"hp":0,"atk":252,"def":0,"spa":0,"spd":4,"spe":252},"ivs":{"hp":31,"atk":31,"def":31,"spa":31,"spd":31,"spe":31}},{"name":"Absolute","species":"absol","item":"lifeorb","ability":"Super Luck","moves":["pursuit","suckerpunch","fireblast","zenheadbutt"],"nature":"Lonely","evs":{"hp":0,"atk":252,"def":0,"spa":4,"spd":0,"spe":252},"gender":"F","shiny":true,"ivs":{"hp":31,"atk":31,"def":31,"spa":31,"spd":31,"spe":31}},{"name":"England","species":"nidoqueen","item":"lifeorb","ability":"Sheer Force","moves":["earthpower","sludgewave","flamethrower","shadowball"],"nature":"Modest","evs":{"hp":0,"atk":0,"def":0,"spa":252,"spd":4,"spe":252},"ivs":{"hp":31,"atk":0,"def":31,"spa":31,"spd":31,"spe":31}},{"name":"FuckTalon","species":"rotomwash","item":"leftovers","ability":"Levitate","moves":["hydropump","willowisp","voltswitch","painsplit"],"nature":"Calm","evs":{"hp":252,"atk":0,"def":0,"spa":4,"spd":252,"spe":0},"ivs":{"hp":31,"atk":0,"def":31,"spa":31,"spd":31,"spe":31}}],"p2team":[{"name":"Beedrill","species":"Beedrill","item":"beedrillite","ability":"Swarm","moves":["uturn","poisonjab","drillrun","protect"],"nature":"Jolly","evs":{"hp":0,"atk":252,"def":0,"spa":0,"spd":4,"spe":252},"ivs":{"hp":31,"atk":31,"def":31,"spa":31,"spd":31,"spe":31}},{"name":"Whimsicott","species":"Whimsicott","item":"yacheberry","ability":"Prankster","moves":["gigadrain","moonblast","encore","uturn"],"nature":"Timid","evs":{"hp":0,"atk":0,"def":0,"spa":252,"spd":4,"spe":252},"ivs":{"hp":31,"atk":31,"def":31,"spa":31,"spd":31,"spe":31}},{"name":"Empoleon","species":"Empoleon","item":"leftovers","ability":"Torrent","moves":["scald","icebeam","stealthrock","defog"],"nature":"Calm","evs":{"hp":252,"atk":0,"def":0,"spa":4,"spd":252,"spe":0},"ivs":{"hp":31,"atk":0,"def":31,"spa":31,"spd":31,"spe":31}},{"name":"Reuniclus","species":"Reuniclus","item":"leftovers","ability":"Magic Guard","moves":["calmmind","psyshock","shadowball","recover"],"nature":"Bold","evs":{"hp":252,"atk":0,"def":252,"spa":4,"spd":0,"spe":0},"ivs":{"hp":31,"atk":0,"def":31,"spa":31,"spd":31,"spe":31}},{"name":"Toxicroak","species":"Toxicroak","item":"lifeorb","ability":"Dry Skin","moves":["swordsdance","gunkshot","drainpunch","suckerpunch"],"nature":"Jolly","evs":{"hp":0,"atk":252,"def":0,"spa":0,"spd":4,"spe":252},"ivs":{"hp":31,"atk":31,"def":31,"spa":31,"spd":31,"spe":31}},{"name":"Hydreigon","species":"Hydreigon","item":"choicescarf","ability":"Levitate","moves":["dracometeor","darkpulse","fireblast","uturn"],"nature":"Timid","evs":{"hp":0,"atk":0,"def":0,"spa":252,"spd":4,"spe":252},"ivs":{"hp":31,"atk":31,"def":31,"spa":31,"spd":31,"spe":31}}],"log":["|player|p1|Digital Edge|digitaledge.png","|player|p2|FlareonDriod|flareondriod.png","|gametype|singles","|gen|6","|tier|OU","|rated","|seed|23882,50892,25775,33722","|clearpoke","|poke|p1|Metagross|item","|poke|p1|Talonflame, F|item","|poke|p1|Weavile, F|item","|poke|p1|Absol, F, shiny|item","|poke|p1|Nidoqueen, F|item","|poke|p1|Rotom-Wash|item","|poke|p2|Beedrill, F|item","|poke|p2|Whimsicott, F|item","|poke|p2|Empoleon, M|item","|poke|p2|Reuniclus, F|item","|poke|p2|Toxicroak, F|item","|poke|p2|Hydreigon, F|item","|rule|Swagger Clause: Swagger is banned","|rule|Baton Pass Clause: Limit one Baton Passer, can't pass Spe and other stats simultaneously","|rule|Sleep Clause Mod: Limit one foe put to sleep","|rule|Species Clause: Limit one of each Pokémon","|rule|OHKO Clause: OHKO moves are banned","|rule|Moody Clause: Moody is banned","|rule|Evasion Moves Clause: Evasion moves are banned","|rule|Endless Battle Clause: Forcing endless battles is banned","|rule|HP Percentage Mod: HP is shown in percentages","|teampreview","|choice|team 4, team 2, team 3, team 1, team 5, team 6|team 4, team 1, team 2, team 3, team 5, team 6","|","|start","|switch|p1a: Absolute|Absol, F, shiny|271/271","|switch|p2a: Reuniclus|Reuniclus, F|424/424","|turn|1","|choice|move pursuit|switch 5","|","|-activate|p2a: Reuniclus|move: Pursuit","|move|p1a: Absolute|Pursuit|p2a: Reuniclus|[from]Pursuit","|-supereffective|p2a: Reuniclus","|-damage|p2a: Reuniclus|89/424","|-damage|p1a: Absolute|244/271|[from] item: Life Orb","|switch|p2a: Toxicroak|Toxicroak, F|307/307","|","|turn|2","|choice|switch 4|move drainpunch 1","|","|switch|p1a: SSD|Metagross|301/301","|move|p2a: Toxicroak|Drain Punch|p1a: SSD","|-damage|p1a: SSD|171/301","|-damage|p2a: Toxicroak|277/307|[from] item: Life Orb","|","|turn|3","|choice|move zenheadbutt mega|move suckerpunch 1","|","|detailschange|p1a: SSD|Metagross-Mega","|-mega|p1a: SSD|Metagross|Metagrossite","|move|p2a: Toxicroak|Sucker Punch|p1a: SSD","|-supereffective|p1a: SSD","|-crit|p1a: SSD","|-damage|p1a: SSD|0 fnt","|-damage|p2a: Toxicroak|247/307|[from] item: Life Orb","|faint|p1a: SSD","|","|choice|switch 3|","|","|switch|p1a: Weav|Weavile, F|281/281","|-ability|p1a: Weav|Pressure","|turn|4","|choice|move iciclecrash|move drainpunch 1","|","|move|p1a: Weav|Icicle Crash|p2a: Toxicroak","|-damage|p2a: Toxicroak|0 fnt","|faint|p2a: Toxicroak","|","|choice||switch 4","|","|switch|p2a: Empoleon|Empoleon, M|372/372","|turn|5","|choice|switch 6|move icebeam 1","|","|switch|p1a: FuckTalon|Rotom-Wash|304/304","|move|p2a: Empoleon|Ice Beam|p1a: FuckTalon","|-resisted|p1a: FuckTalon","|-damage|p1a: FuckTalon|275/304","|","|-heal|p1a: FuckTalon|294/304|[from] item: Leftovers","|turn|6","|choice|move voltswitch|switch 6","|","|switch|p2a: Hydreigon|Hydreigon, F|325/325","|move|p1a: FuckTalon|Volt Switch|p2a: Hydreigon","|-resisted|p2a: Hydreigon","|-damage|p2a: Hydreigon|278/325","|choice|switch 2|","|","|switch|p1a: FTLO|Talonflame, F|331/331","|","|turn|7","|choice|move bravebird|move dracometeor 1","|","|move|p1a: FTLO|Brave Bird|p2a: Hydreigon","|-damage|p2a: Hydreigon|98/325","|-damage|p1a: FTLO|272/331|[from] recoil|[of] p2a: Hydreigon","|move|p2a: Hydreigon|Draco Meteor|p1a: FTLO","|-damage|p1a: FTLO|0 fnt","|-unboost|p2a: Hydreigon|spa|2","|faint|p1a: FTLO","|","|choice|switch 4|","|","|switch|p1a: Absolute|Absol, F, shiny|244/271","|turn|8","|choice|move suckerpunch|move dracometeor 1","|","|move|p1a: Absolute|Sucker Punch|p2a: Hydreigon","|-resisted|p2a: Hydreigon","|-damage|p2a: Hydreigon|0 fnt","|-damage|p1a: Absolute|217/271|[from] item: Life Orb","|faint|p2a: Hydreigon","|","|choice||switch 3","|","|switch|p2a: Whimsicott|Whimsicott, F|261/261","|turn|9","|choice|move fireblast|move moonblast 1","|","|move|p2a: Whimsicott|Moonblast|p1a: Absolute","|-supereffective|p1a: Absolute","|-damage|p1a: Absolute|0 fnt","|faint|p1a: Absolute","|","|choice|switch 6|","|","|switch|p1a: Weav|Weavile, F|281/281","|-ability|p1a: Weav|Pressure","|turn|10","|choice|move iciclecrash|move moonblast 1","|","|move|p2a: Whimsicott|Moonblast|p1a: Weav","|-supereffective|p1a: Weav","|-damage|p1a: Weav|0 fnt","|faint|p1a: Weav","|","|choice|switch 5|","|","|switch|p1a: England|Nidoqueen, F|321/321","|turn|11","|choice|move sludgewave|switch 2","|","|switch|p2a: Beedrill|Beedrill, F|271/271","|move|p1a: England|Sludge Wave|p2a: Beedrill","|-resisted|p2a: Beedrill","|-damage|p2a: Beedrill|137/271","|","|turn|12","|choice|move flamethrower|move drillrun 1 mega","|","|detailschange|p2a: Beedrill|Beedrill-Mega, F","|-mega|p2a: Beedrill|Beedrill|Beedrillite","|move|p2a: Beedrill|Drill Run|p1a: England","|-supereffective|p1a: England","|-damage|p1a: England|85/321","|move|p1a: England|Flamethrower|p2a: Beedrill","|-supereffective|p2a: Beedrill","|-damage|p2a: Beedrill|0 fnt","|faint|p2a: Beedrill","|","|choice||switch 5","|","|switch|p2a: Reuniclus|Reuniclus, F|89/424","|turn|13","|choice|move sludgewave|move shadowball 1","|","|move|p1a: England|Sludge Wave|p2a: Reuniclus","|-damage|p2a: Reuniclus|0 fnt","|faint|p2a: Reuniclus","|","|choice||switch 6","|","|switch|p2a: Empoleon|Empoleon, M|372/372","|turn|14","|choice|switch 2|move scald 1","|","|switch|p1a: FuckTalon|Rotom-Wash|294/304","|move|p2a: Empoleon|Scald|p1a: FuckTalon","|-resisted|p1a: FuckTalon","|-damage|p1a: FuckTalon|256/304","|","|-heal|p1a: FuckTalon|275/304|[from] item: Leftovers","|turn|15","|choice|move voltswitch|switch 2","|","|switch|p2a: Whimsicott|Whimsicott, F|261/261","|move|p1a: FuckTalon|Volt Switch|p2a: Whimsicott","|-resisted|p2a: Whimsicott","|-damage|p2a: Whimsicott|202/261","|choice|switch 2|","|","|switch|p1a: England|Nidoqueen, F|85/321","|","|turn|16","|choice|move sludgewave|move gigadrain 1","|","|move|p2a: Whimsicott|Giga Drain|p1a: England","|-damage|p1a: England|0 fnt","|-heal|p2a: Whimsicott|245/261|[from] drain|[of] p1a: England","|faint|p1a: England","|","|choice|switch 2|","|","|switch|p1a: FuckTalon|Rotom-Wash|275/304","|turn|17","|choice|move willowisp|move gigadrain 1","|","|move|p2a: Whimsicott|Giga Drain|p1a: FuckTalon","|-supereffective|p1a: FuckTalon","|-damage|p1a: FuckTalon|137/304","|-heal|p2a: Whimsicott|261/261|[from] drain|[of] p1a: FuckTalon","|move|p1a: FuckTalon|Will-O-Wisp|p2a: Whimsicott","|-status|p2a: Whimsicott|brn","|","|-heal|p1a: FuckTalon|156/304|[from] item: Leftovers","|-damage|p2a: Whimsicott|229/261 brn|[from] brn","|turn|18","|choice|move painsplit|move moonblast 1","|","|move|p2a: Whimsicott|Moonblast|p1a: FuckTalon","|-damage|p1a: FuckTalon|80/304","|move|p1a: FuckTalon|Pain Split|p2a: Whimsicott","|-sethp|p2a: Whimsicott|154/261 brn|p1a: FuckTalon|154/304|[from] move: Pain Split","|","|-heal|p1a: FuckTalon|173/304|[from] item: Leftovers","|-damage|p2a: Whimsicott|122/261 brn|[from] brn","|turn|19","|choice|move painsplit|move moonblast 1","|","|move|p2a: Whimsicott|Moonblast|p1a: FuckTalon","|-damage|p1a: FuckTalon|91/304","|move|p1a: FuckTalon|Pain Split|p2a: Whimsicott","|-sethp|p2a: Whimsicott|106/261 brn|p1a: FuckTalon|106/304|[from] move: Pain Split","|","|-heal|p1a: FuckTalon|125/304|[from] item: Leftovers","|-damage|p2a: Whimsicott|74/261 brn|[from] brn","|turn|20","|choice|move hydropump|move moonblast 1","|","|move|p2a: Whimsicott|Moonblast|p1a: FuckTalon","|-damage|p1a: FuckTalon|40/304","|move|p1a: FuckTalon|Hydro Pump|p2a: Whimsicott","|-resisted|p2a: Whimsicott","|-damage|p2a: Whimsicott|0 fnt","|faint|p2a: Whimsicott","|","|-heal|p1a: FuckTalon|59/304|[from] item: Leftovers","|choice||switch 2","|","|switch|p2a: Empoleon|Empoleon, M|372/372","|turn|21","|choice|move painsplit|move scald 1","|","|move|p1a: FuckTalon|Pain Split|p2a: Empoleon","|-sethp|p2a: Empoleon|215/372|p1a: FuckTalon|215/304|[from] move: Pain Split","|move|p2a: Empoleon|Scald|p1a: FuckTalon","|-resisted|p1a: FuckTalon","|-damage|p1a: FuckTalon|177/304","|","|-heal|p1a: FuckTalon|196/304|[from] item: Leftovers","|-heal|p2a: Empoleon|238/372|[from] item: Leftovers","|turn|22","|choice|move willowisp|move icebeam 1","|","|move|p1a: FuckTalon|Will-O-Wisp|p2a: Empoleon","|-status|p2a: Empoleon|brn","|move|p2a: Empoleon|Ice Beam|p1a: FuckTalon","|-resisted|p1a: FuckTalon","|-crit|p1a: FuckTalon","|-damage|p1a: FuckTalon|157/304","|","|-heal|p1a: FuckTalon|176/304|[from] item: Leftovers","|-heal|p2a: Empoleon|261/372 brn|[from] item: Leftovers","|-damage|p2a: Empoleon|215/372 brn|[from] brn","|turn|23","|choice|move painsplit|move icebeam 1","|","|move|p1a: FuckTalon|Pain Split|p2a: Empoleon","|-sethp|p2a: Empoleon|195/372 brn|p1a: FuckTalon|195/304|[from] move: Pain Split","|move|p2a: Empoleon|Ice Beam|p1a: FuckTalon","|-resisted|p1a: FuckTalon","|-damage|p1a: FuckTalon|168/304","|","|-heal|p1a: FuckTalon|187/304|[from] item: Leftovers","|-heal|p2a: Empoleon|218/372 brn|[from] item: Leftovers","|-damage|p2a: Empoleon|172/372 brn|[from] brn","|turn|24","|choice|move voltswitch|move scald 1","|","|move|p1a: FuckTalon|Volt Switch|p2a: Empoleon","|-supereffective|p2a: Empoleon","|-damage|p2a: Empoleon|50/372 brn","|move|p2a: Empoleon|Scald|p1a: FuckTalon","|-resisted|p1a: FuckTalon","|-damage|p1a: FuckTalon|130/304","|","|-heal|p1a: FuckTalon|149/304|[from] item: Leftovers","|-heal|p2a: Empoleon|73/372 brn|[from] item: Leftovers","|-damage|p2a: Empoleon|27/372 brn|[from] brn","|turn|25","|choice|move voltswitch|move scald 1","|","|move|p1a: FuckTalon|Volt Switch|p2a: Empoleon","|-supereffective|p2a: Empoleon","|-damage|p2a: Empoleon|0 fnt","|faint|p2a: Empoleon","|","|win|Digital Edge"],"p1rating":1390.051571852291,"p2rating":1246.8353547375782,"endType":"normal"}