{"seed":[21324,43978,36872,30305],"turns":38,"p1":"FlareonDriod","p2":"Elcrest ☢","p1team":[{"name":"Beedrill","species":"Beedrill","item":"beedrillite","ability":"Swarm","moves":["uturn","poisonjab","drillrun","protect"],"nature":"Jolly","evs":{"hp":0,"atk":252,"def":0,"spa":0,"spd":4,"spe":252},"ivs":{"hp":31,"atk":31,"def":31,"spa":31,"spd":31,"spe":31}},{"name":"Whimsicott","species":"Whimsicott","item":"yacheberry","ability":"Prankster","moves":["gigadrain","moonblast","encore","uturn"],"nature":"Timid","evs":{"hp":0,"atk":0,"def":0,"spa":252,"spd":4,"spe":252},"ivs":{"hp":31,"atk":31,"def":31,"spa":31,"spd":31,"spe":31}},{"name":"Empoleon","species":"Empoleon","item":"leftovers","ability":"Torrent","moves":["scald","icebeam","stealthrock","defog"],"nature":"Calm","evs":{"hp":252,"atk":0,"def":0,"spa":4,"spd":252,"spe":0},"ivs":{"hp":31,"atk":0,"def":31,"spa":31,"spd":31,"spe":31}},{"name":"Reuniclus","species":"Reuniclus","item":"leftovers","ability":"Magic Guard","moves":["calmmind","psyshock","shadowball","recover"],"nature":"Bold","evs":{"hp":252,"atk":0,"def":252,"spa":4,"spd":0,"spe":0},"ivs":{"hp":31,"atk":0,"def":31,"spa":31,"spd":31,"spe":31}},{"name":"Toxicroak","species":"Toxicroak","item":"lifeorb","ability":"Dry Skin","moves":["swordsdance","gunkshot","drainpunch","suckerpunch"],"nature":"Jolly","evs":{"hp":0,"atk":252,"def":0,"spa":0,"spd":4,"spe":252},"ivs":{"hp":31,"atk":31,"def":31,"spa":31,"spd":31,"spe":31}},{"name":"Hydreigon","species":"Hydreigon","item":"choicescarf","ability":"Levitate","moves":["dracometeor","darkpulse","fireblast","uturn"],"nature":"Timid","evs":{"hp":0,"atk":0,"def":0,"spa":252,"spd":4,"spe":252},"ivs":{"hp":31,"atk":31,"def":31,"spa":31,"spd":31,"spe":31}}],"p2team":[{"name":"Clefable","species":"Clefable","item":"leftovers","ability":"Magic Guard","moves":["cosmicpower","storedpower","moonblast","softboiled"],"nature":"Bold","evs":{"hp":4,"atk":0,"def":252,"spa":0,"spd":252,"spe":0},"ivs":{"hp":31,"atk":0,"def":31,"spa":31,"spd":31,"spe":31}},{"name":"Weavile","species":"Weavile","item":"focussash","ability":"Pressure","moves":["fakeout","knockoff","iciclecrash","brickbreak"],"nature":"Jolly","evs":{"hp":0,"atk":252,"def":0,"spa":0,"spd":4,"spe":252},"ivs":{"hp":31,"atk":31,"def":31,"spa":31,"spd":31,"spe":31}},{"name":"Sceptile","species":"Sceptile","item":"sceptilite","ability":"Overgrow","moves":["dragonpulse","energyball","focusblast","toxic"],"nature":"Timid","evs":{"hp":0,"atk":0,"def":0,"spa":252,"spd":4,"spe":252},"ivs":{"hp":31,"atk":0,"def":31,"spa":31,"spd":31,"spe":31}},{"name":"Hawlucha","species":"Hawlucha","item":"powerherb","ability":"Unburden","moves":["swordsdance","skyattack","acrobatics","highjumpkick"],"nature":"Jolly","evs":{"hp":0,"atk":252,"def":0,"spa":0,"spd":4,"spe":252},"ivs":{"hp":31,"atk":31,"def":31,"spa":31,"spd":31,"spe":31}},{"name":"Dragonite","species":"Dragonite","item":"weaknesspolicy","ability":"Multiscale","moves":["dragondance","extremespeed","outrage","brickbreak"],"nature":"Jolly","evs":{"hp":0,"atk":0,"def":252,"spa":0,"spd":252,"spe":4},"ivs":{"hp":31,"atk":31,"def":31,"spa":31,"spd":31,"spe":31}},{"name":"Breloom","species":"Breloom","item":"focussash","ability":"Technician","moves":["spore","machpunch","swordsdance","rockslide"],"nature":"Adamant","evs":{"hp":0,"atk":252,"def":0,"spa":0,"spd":4,"spe":252},"ivs":{"hp":31,"atk":31,"def":31,"spa":31,"spd":31,"spe":31}}],"log":["|player|p1|FlareonDriod|flareondriod.png","|player|p2|Elcrest ☢|273","|gametype|singles","|gen|6","|tier|OU","|rated","|seed|21324,43978,36872,30305","|clearpoke","|poke|p1|Beedrill, F|item","|poke|p1|Whimsicott, F|item","|poke|p1|Empoleon, M|item","|poke|p1|Reuniclus, F|item","|poke|p1|Toxicroak, F|item","|poke|p1|Hydreigon, M|item","|poke|p2|Clefable, M|item","|poke|p2|Weavile, M|item","|poke|p2|Sceptile, M|item","|poke|p2|Hawlucha, M|item","|poke|p2|Dragonite, M|item","|poke|p2|Breloom, F|item","|rule|Swagger Clause: Swagger is banned","|rule|Baton Pass Clause: Limit one Baton Passer, can't pass Spe and other stats simultaneously","|rule|Sleep Clause Mod: Limit one foe put to sleep","|rule|Species Clause: Limit one of each Pokémon","|rule|OHKO Clause: OHKO moves are banned","|rule|Moody Clause: Moody is banned","|rule|Evasion Moves Clause: Evasion moves are banned","|rule|Endless Battle Clause: Forcing endless battles is banned","|rule|HP Percentage Mod: HP is shown in percentages","|teampreview","|choice|team 1, team 2, team 3, team 4, team 5, team 6|team 6, team 2, team 3, team 4, team 5, team 1","|","|start","|switch|p1a: Beedrill|Beedrill, F|271/271","|switch|p2a: Breloom|Breloom, F|261/261","|turn|1","|choice|move poisonjab 1 mega|move spore","|","|detailschange|p1a: Beedrill|Beedrill-Mega, F","|-mega|p1a: Beedrill|Beedrill|Beedrillite","|move|p1a: Beedrill|Poison Jab|p2a: Breloom","|-supereffective|p2a: Breloom","|-enditem|p2a: Breloom|Focus Sash","|-damage|p2a: Breloom|1/261","|move|p2a: Breloom|Spore|p1a: Beedrill","|-status|p1a: Beedrill|slp","|","|turn|2","|choice|move uturn 1|move swordsdance","|","|cant|p1a: Beedrill|slp","|move|p2a: Breloom|Swords Dance|p2a: Breloom","|-boost|p2a: Breloom|atk|2","|","|turn|3","|choice|move poisonjab 1|move rockslide","|","|cant|p1a: Beedrill|slp","|move|p2a: Breloom|Rock Slide|p1a: Beedrill|[miss]","|-miss|p2a: Breloom|p1a: Beedrill","|","|turn|4","|choice|move uturn 1|move rockslide","|","|cant|p1a: Beedrill|slp","|move|p2a: Breloom|Rock Slide|p1a: Beedrill","|-supereffective|p1a: Beedrill","|-damage|p1a: Beedrill|0 fnt","|faint|p1a: Beedrill","|","|choice|switch 5|","|","|switch|p1a: Toxicroak|Toxicroak, F|307/307","|turn|5","|choice|move gunkshot 1|move machpunch","|","|move|p2a: Breloom|Mach Punch|p1a: Toxicroak","|-resisted|p1a: Toxicroak","|-damage|p1a: Toxicroak|139/307","|move|p1a: Toxicroak|Gunk Shot|p2a: Breloom","|-supereffective|p2a: Breloom","|-crit|p2a: Breloom","|-damage|p2a: Breloom|0 fnt","|-damage|p1a: Toxicroak|109/307|[from] item: Life Orb","|faint|p2a: Breloom","|","|choice||switch 4","|","|switch|p2a: Hawlucha|Hawlucha, M|297/297","|turn|6","|choice|move gunkshot 1|move swordsdance","|","|move|p2a: Hawlucha|Swords Dance|p2a: Hawlucha","|-boost|p2a: Hawlucha|atk|2","|move|p1a: Toxicroak|Gunk Shot|p2a: Hawlucha","|-damage|p2a: Hawlucha|0 fnt","|-damage|p1a: Toxicroak|79/307|[from] item: Life Orb","|faint|p2a: Hawlucha","|","|choice||switch 3","|","|switch|p2a: Sceptile|Sceptile, M|281/281","|turn|7","|choice|move gunkshot 1|move dragonpulse mega","|","|detailschange|p2a: Sceptile|Sceptile-Mega, M","|-mega|p2a: Sceptile|Sceptile|Sceptilite","|move|p2a: Sceptile|Dragon Pulse|p1a: Toxicroak","|-damage|p1a: Toxicroak|0 fnt","|faint|p1a: Toxicroak","|","|choice|switch 2|","|","|switch|p1a: Whimsicott|Whimsicott, F|261/261","|turn|8","|choice|move moonblast 1|switch 2","|","|switch|p2a: Weavile|Weavile, M|281/281","|-ability|p2a: Weavile|Pressure","|move|p1a: Whimsicott|Moonblast|p2a: Weavile","|-supereffective|p2a: Weavile","|-enditem|p2a: Weavile|Focus Sash","|-damage|p2a: Weavile|1/281","|","|turn|9","|choice|move moonblast 1|move fakeout","|","|move|p2a: Weavile|Fake Out|p1a: Whimsicott","|-damage|p1a: Whimsicott|205/261","|cant|p1a: Whimsicott|flinch","|","|turn|10","|choice|move gigadrain 1|move iciclecrash","|","|move|p2a: Weavile|Icicle Crash|p1a: Whimsicott","|-supereffective|p1a: Whimsicott","|-enditem|p1a: Whimsicott|Yache Berry|[eat]","|-enditem|p1a: Whimsicott|Yache Berry|[weaken]","|-damage|p1a: Whimsicott|54/261","|cant|p1a: Whimsicott|flinch","|","|turn|11","|choice|move moonblast 1|move iciclecrash","|","|move|p2a: Weavile|Icicle Crash|p1a: Whimsicott","|-supereffective|p1a: Whimsicott","|-damage|p1a: Whimsicott|0 fnt","|faint|p1a: Whimsicott","|","|choice|switch 3|","|","|switch|p1a: Empoleon|Empoleon, M|372/372","|turn|12","|choice|move icebeam 1|move brickbreak","|","|move|p2a: Weavile|Brick Break|p1a: Empoleon","|-supereffective|p1a: Empoleon","|-damage|p1a: Empoleon|192/372","|move|p1a: Empoleon|Ice Beam|p2a: Weavile","|-resisted|p2a: Weavile","|-damage|p2a: Weavile|0 fnt","|faint|p2a: Weavile","|","|-heal|p1a: Empoleon|215/372|[from] item: Leftovers","|choice||switch 2","|","|switch|p2a: Sceptile|Sceptile-Mega, M|281/281","|turn|13","|choice|move icebeam 1|move focusblast","|","|move|p2a: Sceptile|Focus Blast|p1a: Empoleon","|-supereffective|p1a: Empoleon","|-damage|p1a: Empoleon|0 fnt","|faint|p1a: Empoleon","|","|choice|switch 4|","|","|switch|p1a: Reuniclus|Reuniclus, F|424/424","|turn|14","|choice|move psyshock 1|move energyball","|","|move|p2a: Sceptile|Energy Ball|p1a: Reuniclus","|-damage|p1a: Reuniclus|232/424","|move|p1a: Reuniclus|Psyshock|p2a: Sceptile","|-damage|p2a: Sceptile|133/281","|","|-heal|p1a: Reuniclus|258/424|[from] item: Leftovers","|turn|15","|choice|move shadowball 1|switch 6","|","|switch|p2a: Clefable|Clefable, M|332/332","|move|p1a: Reuniclus|Shadow Ball|p2a: Clefable","|-damage|p2a: Clefable|266/332","|","|-heal|p2a: Clefable|286/332|[from] item: Leftovers","|-heal|p1a: Reuniclus|284/424|[from] item: Leftovers","|turn|16","|choice|move shadowball 1|move cosmicpower","|","|move|p2a: Clefable|Cosmic Power|p2a: Clefable","|-boost|p2a: Clefable|def|1","|-boost|p2a: Clefable|spd|1","|move|p1a: Reuniclus|Shadow Ball|p2a: Clefable","|-damage|p2a: Clefable|243/332","|-unboost|p2a: Clefable|spd|1","|","|-heal|p2a: Clefable|263/332|[from] item: Leftovers","|-heal|p1a: Reuniclus|310/424|[from] item: Leftovers","|turn|17","|choice|move shadowball 1|move cosmicpower","|","|move|p2a: Clefable|Cosmic Power|p2a: Clefable","|-boost|p2a: Clefable|def|1","|-boost|p2a: Clefable|spd|1","|move|p1a: Reuniclus|Shadow Ball|p2a: Clefable","|-damage|p2a: Clefable|220/332","|","|-heal|p2a: Clefable|240/332|[from] item: Leftovers","|-heal|p1a: Reuniclus|336/424|[from] item: Leftovers","|turn|18","|choice|move calmmind|move cosmicpower","|","|move|p2a: Clefable|Cosmic Power|p2a: Clefable","|-boost|p2a: Clefable|def|1","|-boost|p2a: Clefable|spd|1","|move|p1a: Reuniclus|Calm Mind|p1a: Reuniclus","|-boost|p1a: Reuniclus|spa|1","|-boost|p1a: Reuniclus|spd|1","|","|-heal|p2a: Clefable|260/332|[from] item: Leftovers","|-heal|p1a: Reuniclus|362/424|[from] item: Leftovers","|turn|19","|choice|move calmmind|move cosmicpower","|","|move|p2a: Clefable|Cosmic Power|p2a: Clefable","|-boost|p2a: Clefable|def|1","|-boost|p2a: Clefable|spd|1","|move|p1a: Reuniclus|Calm Mind|p1a: Reuniclus","|-boost|p1a: Reuniclus|spa|1","|-boost|p1a: Reuniclus|spd|1","|","|-heal|p2a: Clefable|280/332|[from] item: Leftovers","|-heal|p1a: Reuniclus|388/424|[from] item: Leftovers","|turn|20","|choice|move psyshock 1|move cosmicpower","|","|move|p2a: Clefable|Cosmic Power|p2a: Clefable","|-boost|p2a: Clefable|def|1","|-boost|p2a: Clefable|spd|1","|move|p1a: Reuniclus|Psyshock|p2a: Clefable","|-damage|p2a: Clefable|219/332","|","|-heal|p2a: Clefable|239/332|[from] item: Leftovers","|-heal|p1a: Reuniclus|414/424|[from] item: Leftovers","|turn|21","|choice|move psyshock 1|move cosmicpower","|","|move|p2a: Clefable|Cosmic Power|p2a: Clefable","|-boost|p2a: Clefable|def|1","|-boost|p2a: Clefable|spd|1","|move|p1a: Reuniclus|Psyshock|p2a: Clefable","|-damage|p2a: Clefable|193/332","|","|-heal|p2a: Clefable|213/332|[from] item: Leftovers","|-heal|p1a: Reuniclus|424/424|[from] item: Leftovers","|turn|22","|choice|move calmmind|move cosmicpower","|","|move|p2a: Clefable|Cosmic Power|p2a: Clefable","|-boost|p2a: Clefable|def|0","|-boost|p2a: Clefable|spd|1","|move|p1a: Reuniclus|Calm Mind|p1a: Reuniclus","|-boost|p1a: Reuniclus|spa|1","|-boost|p1a: Reuniclus|spd|1","|","|-heal|p2a: Clefable|233/332|[from] item: Leftovers","|turn|23","|choice|move shadowball 1|move storedpower","|","|move|p2a: Clefable|Stored Power|p1a: Reuniclus","|-resisted|p1a: Reuniclus","|-damage|p1a: Reuniclus|376/424","|move|p1a: Reuniclus|Shadow Ball|p2a: Clefable","|-damage|p2a: Clefable|190/332","|","|-heal|p2a: Clefable|210/332|[from] item: Leftovers","|-heal|p1a: Reuniclus|402/424|[from] item: Leftovers","|turn|24","|choice|move calmmind|move moonblast","|","|move|p2a: Clefable|Moonblast|p1a: Reuniclus","|-damage|p1a: Reuniclus|354/424","|move|p1a: Reuniclus|Calm Mind|p1a: Reuniclus","|-boost|p1a: Reuniclus|spa|1","|-boost|p1a: Reuniclus|spd|1","|","|-heal|p2a: Clefable|230/332|[from] item: Leftovers","|-heal|p1a: Reuniclus|380/424|[from] item: Leftovers","|turn|25","|choice|move psyshock 1|move moonblast","|","|move|p2a: Clefable|Moonblast|p1a: Reuniclus","|-damage|p1a: Reuniclus|335/424","|move|p1a: Reuniclus|Psyshock|p2a: Clefable","|-damage|p2a: Clefable|148/332","|","|-heal|p2a: Clefable|168/332|[from] item: Leftovers","|-heal|p1a: Reuniclus|361/424|[from] item: Leftovers","|turn|26","|choice|move calmmind|move moonblast","|","|move|p2a: Clefable|Moonblast|p1a: Reuniclus","|-damage|p1a: Reuniclus|322/424","|-unboost|p1a: Reuniclus|spa|1","|move|p1a: Reuniclus|Calm Mind|p1a: Reuniclus","|-boost|p1a: Reuniclus|spa|1","|-boost|p1a: Reuniclus|spd|1","|","|-heal|p2a: Clefable|188/332|[from] item: Leftovers","|-heal|p1a: Reuniclus|348/424|[from] item: Leftovers","|turn|27","|choice|move recover|move moonblast","|","|move|p2a: Clefable|Moonblast|p1a: Reuniclus","|-damage|p1a: Reuniclus|314/424","|move|p1a: Reuniclus|Recover|p1a: Reuniclus","|-heal|p1a: Reuniclus|424/424","|","|-heal|p2a: Clefable|208/332|[from] item: Leftovers","|turn|28","|choice|move psyshock 1|switch 5","|","|switch|p2a: Dragonite|Dragonite, M|323/323","|move|p1a: Reuniclus|Psyshock|p2a: Dragonite","|-damage|p2a: Dragonite|186/323","|","|turn|29","|choice|move shadowball 1|move dragondance","|","|move|p2a: Dragonite|Dragon Dance|p2a: Dragonite","|-boost|p2a: Dragonite|atk|1","|-boost|p2a: Dragonite|spe|1","|move|p1a: Reuniclus|Shadow Ball|p2a: Dragonite","|-damage|p2a: Dragonite|0 fnt","|faint|p2a: Dragonite","|","|choice||switch 6","|","|switch|p2a: Sceptile|Sceptile-Mega, M|133/281","|turn|30","|choice|move psyshock 1|move toxic","|","|move|p2a: Sceptile|Toxic|p1a: Reuniclus","|-status|p1a: Reuniclus|tox","|move|p1a: Reuniclus|Psyshock|p2a: Sceptile","|-damage|p2a: Sceptile|0 fnt","|faint|p2a: Sceptile","|","|choice||switch 5","|","|switch|p2a: Clefable|Clefable, M|208/332","|turn|31","|choice|move shadowball 1|move cosmicpower","|","|move|p2a: Clefable|Cosmic Power|p2a: Clefable","|-boost|p2a: Clefable|def|1","|-boost|p2a: Clefable|spd|1","|move|p1a: Reuniclus|Shadow Ball|p2a: Clefable","|-damage|p2a: Clefable|80/332","|","|-heal|p2a: Clefable|100/332|[from] item: Leftovers","|turn|32","|choice|move psyshock 1|move softboiled","|","|move|p2a: Clefable|Soft-Boiled|p2a: Clefable","|-heal|p2a: Clefable|266/332","|move|p1a: Reuniclus|Psyshock|p2a: Clefable","|-damage|p2a: Clefable|65/332","|","|-heal|p2a: Clefable|85/332|[from] item: Leftovers","|turn|33","|choice|move shadowball 1|move softboiled","|","|move|p2a: Clefable|Soft-Boiled|p2a: Clefable","|-heal|p2a: Clefable|251/332","|move|p1a: Reuniclus|Shadow Ball|p2a: Clefable","|-damage|p2a: Clefable|113/332","|-unboost|p2a: Clefable|spd|1","|","|-heal|p2a: Clefable|133/332|[from] item: Leftovers","|turn|34","|choice|move psyshock 1|move softboiled","|","|move|p2a: Clefable|Soft-Boiled|p2a: Clefable","|-heal|p2a: Clefable|299/332","|move|p1a: Reuniclus|Psyshock|p2a: Clefable","|-damage|p2a: Clefable|115/332","|","|-heal|p2a: Clefable|135/332|[from] item: Leftovers","|turn|35","|choice|move shadowball 1|move softboiled","|","|move|p2a: Clefable|Soft-Boiled|p2a: Clefable","|-heal|p2a: Clefable|301/332","|move|p1a: Reuniclus|Shadow Ball|p2a: Clefable","|-damage|p2a: Clefable|115/332","|","|-heal|p2a: Clefable|135/332|[from] item: Leftovers","|turn|36","|choice|move psyshock 1|move softboiled","|","|move|p2a: Clefable|Soft-Boiled|p2a: Clefable","|-heal|p2a: Clefable|301/332","|move|p1a: Reuniclus|Psyshock|p2a: Clefable","|-damage|p2a: Clefable|97/332","|","|-heal|p2a: Clefable|117/332|[from] item: Leftovers","|turn|37","|choice|move shadowball 1|move softboiled","|","|move|p2a: Clefable|Soft-Boiled|p2a: Clefable","|-heal|p2a: Clefable|283/332","|move|p1a: Reuniclus|Shadow Ball|p2a: Clefable","|-damage|p2a: Clefable|89/332","|-unboost|p2a: Clefable|spd|1","|","|-heal|p2a: Clefable|109/332|[from] item: Leftovers","|turn|38","|choice|move shadowball 1|move softboiled","|","|move|p2a: Clefable|Soft-Boiled|p2a: Clefable","|-heal|p2a: Clefable|275/332","|move|p1a: Reuniclus|Shadow Ball|p2a: Clefable","|-damage|p2a: Clefable|0 fnt","|faint|p2a: Clefable","|","|win|FlareonDriod"],"p1rating":1250.1953212934723,"p2rating":1333.3905626562657,"endType":"normal"}