{"seed":[23386,18668,6936,14602],"turns":37,"p1":"BatterBotto","p2":"FlareonDriod","p1team":[{"name":"Seismitoad","species":"Seismitoad","item":"leftovers","ability":"Water Absorb","moves":["stealthrock","scald","earthpower","toxic"],"nature":"Bold","evs":{"hp":248,"atk":0,"def":240,"spa":0,"spd":20,"spe":0},"gender":"M","ivs":{"hp":31,"atk":0,"def":31,"spa":31,"spd":31,"spe":31}},{"name":"Skarmory","species":"Skarmory","item":"rockyhelmet","ability":"Sturdy","moves":["spikes","ironhead","roost","whirlwind"],"nature":"Impish","evs":{"hp":248,"atk":0,"def":0,"spa":0,"spd":236,"spe":24},"gender":"F","ivs":{"hp":31,"atk":31,"def":31,"spa":31,"spd":31,"spe":31}},{"name":"Clefable","species":"Clefable","item":"leftovers","ability":"Magic Guard","moves":["calmmind","moonblast","flamethrower","softboiled"],"nature":"Calm","evs":{"hp":252,"atk":0,"def":160,"spa":0,"spd":96,"spe":0},"gender":"F","ivs":{"hp":31,"atk":0,"def":31,"spa":31,"spd":31,"spe":31}},{"name":"Tyranitar","species":"Tyranitar","item":"choiceband","ability":"Sand Stream","moves":["pursuit","stoneedge","crunch","icepunch"],"nature":"Adamant","evs":{"hp":56,"atk":252,"def":4,"spa":0,"spd":0,"spe":196},"gender":"M","ivs":{"hp":31,"atk":31,"def":31,"spa":31,"spd":31,"spe":31}},{"name":"Gengar","species":"Gengar","item":"choicescarf","ability":"Levitate","moves":["shadowball","sludgewave","focusblast","trick"],"nature":"Timid","evs":{"hp":0,"atk":0,"def":0,"spa":252,"spd":4,"spe":252},"gender":"M","ivs":{"hp":31,"atk":0,"def":31,"spa":31,"spd":31,"spe":31},"shiny":true},{"name":"Latias","species":"Latias","item":"latiasite","ability":"Levitate","moves":["thunderbolt","icebeam","roost","thunderwave"],"nature":"Timid","evs":{"hp":248,"atk":0,"def":32,"spa":12,"spd":0,"spe":216},"ivs":{"hp":31,"atk":0,"def":31,"spa":31,"spd":31,"spe":31}}],"p2team":[{"name":"Beedrill","species":"Beedrill","item":"beedrillite","ability":"Swarm","moves":["uturn","poisonjab","drillrun","protect"],"nature":"Jolly","evs":{"hp":0,"atk":252,"def":0,"spa":0,"spd":4,"spe":252},"ivs":{"hp":31,"atk":31,"def":31,"spa":31,"spd":31,"spe":31}},{"name":"Whimsicott","species":"Whimsicott","item":"yacheberry","ability":"Prankster","moves":["gigadrain","moonblast","encore","uturn"],"nature":"Timid","evs":{"hp":0,"atk":0,"def":0,"spa":252,"spd":4,"spe":252},"ivs":{"hp":31,"atk":31,"def":31,"spa":31,"spd":31,"spe":31}},{"name":"Empoleon","species":"Empoleon","item":"leftovers","ability":"Torrent","moves":["scald","icebeam","stealthrock","defog"],"nature":"Calm","evs":{"hp":252,"atk":0,"def":0,"spa":4,"spd":252,"spe":0},"ivs":{"hp":31,"atk":0,"def":31,"spa":31,"spd":31,"spe":31}},{"name":"Reuniclus","species":"Reuniclus","item":"leftovers","ability":"Magic Guard","moves":["calmmind","psyshock","shadowball","recover"],"nature":"Bold","evs":{"hp":252,"atk":0,"def":252,"spa":4,"spd":0,"spe":0},"ivs":{"hp":31,"atk":0,"def":31,"spa":31,"spd":31,"spe":31}},{"name":"Toxicroak","species":"Toxicroak","item":"lifeorb","ability":"Dry Skin","moves":["swordsdance","gunkshot","drainpunch","suckerpunch"],"nature":"Jolly","evs":{"hp":0,"atk":252,"def":0,"spa":0,"spd":4,"spe":252},"ivs":{"hp":31,"atk":31,"def":31,"spa":31,"spd":31,"spe":31}},{"name":"Hydreigon","species":"Hydreigon","item":"choicescarf","ability":"Levitate","moves":["dracometeor","darkpulse","fireblast","uturn"],"nature":"Timid","evs":{"hp":0,"atk":0,"def":0,"spa":252,"spd":4,"spe":252},"ivs":{"hp":31,"atk":31,"def":31,"spa":31,"spd":31,"spe":31}}],"log":["|player|p1|BatterBotto|batterbotto.png","|player|p2|FlareonDriod|flareondriod.png","|gametype|singles","|gen|6","|tier|OU","|rated","|seed|23386,18668,6936,14602","|clearpoke","|poke|p1|Seismitoad, M|item","|poke|p1|Skarmory, F|item","|poke|p1|Clefable, F|item","|poke|p1|Tyranitar, M|item","|poke|p1|Gengar, M, shiny|item","|poke|p1|Latias, F|item","|poke|p2|Beedrill, F|item","|poke|p2|Whimsicott, M|item","|poke|p2|Empoleon, M|item","|poke|p2|Reuniclus, F|item","|poke|p2|Toxicroak, F|item","|poke|p2|Hydreigon, M|item","|rule|Swagger Clause: Swagger is banned","|rule|Baton Pass Clause: Limit one Baton Passer, can't pass Spe and other stats simultaneously","|rule|Sleep Clause Mod: Limit one foe put to sleep","|rule|Species Clause: Limit one of each Pokémon","|rule|OHKO Clause: OHKO moves are banned","|rule|Moody Clause: Moody is banned","|rule|Evasion Moves Clause: Evasion moves are banned","|rule|Endless Battle Clause: Forcing endless battles is banned","|rule|HP Percentage Mod: HP is shown in percentages","|teampreview","|choice|team 5, team 1, team 2, team 3, team 4, team 6|team 4, team 1, team 2, team 3, team 5, team 6","|","|start","|switch|p1a: Gengar|Gengar, M, shiny|261/261","|switch|p2a: Reuniclus|Reuniclus, F|424/424","|turn|1","|choice|move shadowball 1|move calmmind","|","|move|p1a: Gengar|Shadow Ball|p2a: Reuniclus","|-supereffective|p2a: Reuniclus","|-damage|p2a: Reuniclus|82/424","|move|p2a: Reuniclus|Calm Mind|p2a: Reuniclus","|-boost|p2a: Reuniclus|spa|1","|-boost|p2a: Reuniclus|spd|1","|","|-heal|p2a: Reuniclus|108/424|[from] item: Leftovers","|turn|2","|choice|move shadowball 1|move shadowball 1","|","|move|p1a: Gengar|Shadow Ball|p2a: Reuniclus","|-supereffective|p2a: Reuniclus","|-damage|p2a: Reuniclus|0 fnt","|faint|p2a: Reuniclus","|","|choice||switch 4","|","|switch|p2a: Empoleon|Empoleon, M|372/372","|turn|3","|choice|move shadowball 1|move scald 1","|","|move|p1a: Gengar|Shadow Ball|p2a: Empoleon","|-damage|p2a: Empoleon|278/372","|move|p2a: Empoleon|Scald|p1a: Gengar","|-damage|p1a: Gengar|135/261","|","|-heal|p2a: Empoleon|301/372|[from] item: Leftovers","|turn|4","|choice|move shadowball 1|move scald 1","|","|move|p1a: Gengar|Shadow Ball|p2a: Empoleon","|-damage|p2a: Empoleon|192/372","|move|p2a: Empoleon|Scald|p1a: Gengar","|-damage|p1a: Gengar|0 fnt","|faint|p1a: Gengar","|","|-heal|p2a: Empoleon|215/372|[from] item: Leftovers","|choice|switch 2|","|","|switch|p1a: Seismitoad|Seismitoad, M|413/413","|turn|5","|choice|move earthpower 1|switch 3","|","|switch|p2a: Whimsicott|Whimsicott, M|261/261","|move|p1a: Seismitoad|Earth Power|p2a: Whimsicott","|-resisted|p2a: Whimsicott","|-damage|p2a: Whimsicott|199/261","|","|turn|6","|choice|switch 3|move gigadrain 1","|","|switch|p1a: Skarmory|Skarmory, F|333/333","|move|p2a: Whimsicott|Giga Drain|p1a: Skarmory","|-resisted|p1a: Skarmory","|-damage|p1a: Skarmory|311/333","|-heal|p2a: Whimsicott|210/261|[from] drain|[of] p1a: Skarmory","|","|turn|7","|choice|move spikes|switch 3","|","|switch|p2a: Empoleon|Empoleon, M|215/372","|move|p1a: Skarmory|Spikes|p2a: Empoleon","|-sidestart|p2: FlareonDriod|Spikes","|","|-heal|p2a: Empoleon|238/372|[from] item: Leftovers","|turn|8","|choice|switch 3|move defog 1","|","|switch|p1a: Seismitoad|Seismitoad, M|413/413","|move|p2a: Empoleon|Defog|p1a: Seismitoad","|-unboost|p1a: Seismitoad|evasion|1","|-sideend|p2: FlareonDriod|Spikes|[from] move: Defog|[of] p2a: Empoleon","|","|-heal|p2a: Empoleon|261/372|[from] item: Leftovers","|turn|9","|choice|move earthpower 1|switch 3","|","|switch|p2a: Whimsicott|Whimsicott, M|210/261","|move|p1a: Seismitoad|Earth Power|p2a: Whimsicott","|-resisted|p2a: Whimsicott","|-damage|p2a: Whimsicott|147/261","|","|turn|10","|choice|switch 3|move gigadrain 1","|","|switch|p1a: Skarmory|Skarmory, F|311/333","|move|p2a: Whimsicott|Giga Drain|p1a: Skarmory","|-resisted|p1a: Skarmory","|-damage|p1a: Skarmory|288/333","|-heal|p2a: Whimsicott|159/261|[from] drain|[of] p1a: Skarmory","|","|turn|11","|choice|move ironhead 1|switch 3","|","|switch|p2a: Empoleon|Empoleon, M|261/372","|move|p1a: Skarmory|Iron Head|p2a: Empoleon","|-resisted|p2a: Empoleon","|-damage|p2a: Empoleon|237/372","|","|-heal|p2a: Empoleon|260/372|[from] item: Leftovers","|turn|12","|choice|switch 3|move scald 1","|","|switch|p1a: Seismitoad|Seismitoad, M|413/413","|move|p2a: Empoleon|Scald|p1a: Seismitoad","|-immune|p1a: Seismitoad|[msg]|[from] ability: Water Absorb","|","|-heal|p2a: Empoleon|283/372|[from] item: Leftovers","|turn|13","|choice|move earthpower 1|switch 3","|","|switch|p2a: Whimsicott|Whimsicott, M|159/261","|move|p1a: Seismitoad|Earth Power|p2a: Whimsicott","|-resisted|p2a: Whimsicott","|-crit|p2a: Whimsicott","|-damage|p2a: Whimsicott|74/261","|","|turn|14","|choice|move stealthrock|move gigadrain 1","|","|move|p2a: Whimsicott|Giga Drain|p1a: Seismitoad","|-supereffective|p1a: Seismitoad","|-damage|p1a: Seismitoad|0 fnt","|-heal|p2a: Whimsicott|261/261|[from] drain|[of] p1a: Seismitoad","|faint|p1a: Seismitoad","|","|choice|switch 3|","|","|switch|p1a: Skarmory|Skarmory, F|288/333","|turn|15","|choice|move ironhead 1|switch 3","|","|switch|p2a: Empoleon|Empoleon, M|283/372","|move|p1a: Skarmory|Iron Head|p2a: Empoleon","|-resisted|p2a: Empoleon","|-damage|p2a: Empoleon|262/372","|","|-heal|p2a: Empoleon|285/372|[from] item: Leftovers","|turn|16","|choice|switch 6|move scald 1","|","|switch|p1a: Latias|Latias, F|363/363","|move|p2a: Empoleon|Scald|p1a: Latias","|-resisted|p1a: Latias","|-crit|p1a: Latias","|-damage|p1a: Latias|299/363","|-status|p1a: Latias|brn","|","|-heal|p2a: Empoleon|308/372|[from] item: Leftovers","|-damage|p1a: Latias|254/363 brn|[from] brn","|turn|17","|choice|move thunderwave 1 mega|move icebeam 1","|","|detailschange|p1a: Latias|Latias-Mega, F","|-mega|p1a: Latias|Latias|Latiasite","|move|p1a: Latias|Thunder Wave|p2a: Empoleon","|-status|p2a: Empoleon|par","|move|p2a: Empoleon|Ice Beam|p1a: Latias","|-supereffective|p1a: Latias","|-damage|p1a: Latias|152/363 brn","|","|-heal|p2a: Empoleon|331/372 par|[from] item: Leftovers","|-damage|p1a: Latias|107/363 brn|[from] brn","|turn|18","|choice|move roost|move icebeam 1","|","|move|p1a: Latias|Roost|p1a: Latias","|-heal|p1a: Latias|289/363 brn","|move|p2a: Empoleon|Ice Beam|p1a: Latias","|-supereffective|p1a: Latias","|-damage|p1a: Latias|187/363 brn","|","|-heal|p2a: Empoleon|354/372 par|[from] item: Leftovers","|-damage|p1a: Latias|142/363 brn|[from] brn","|turn|19","|choice|move thunderbolt 1|move icebeam 1","|","|move|p1a: Latias|Thunderbolt|p2a: Empoleon","|-supereffective|p2a: Empoleon","|-damage|p2a: Empoleon|230/372 par","|move|p2a: Empoleon|Ice Beam|p1a: Latias","|-supereffective|p1a: Latias","|-damage|p1a: Latias|30/363 brn","|","|-heal|p2a: Empoleon|253/372 par|[from] item: Leftovers","|-damage|p1a: Latias|0 fnt|[from] brn","|faint|p1a: Latias","|choice|switch 6|","|","|switch|p1a: Skarmory|Skarmory, F|288/333","|turn|20","|choice|move spikes|move scald 1","|","|move|p1a: Skarmory|Spikes|p2a: Empoleon","|-sidestart|p2: FlareonDriod|Spikes","|move|p2a: Empoleon|Scald|p1a: Skarmory","|-damage|p1a: Skarmory|180/333","|","|-heal|p2a: Empoleon|276/372 par|[from] item: Leftovers","|turn|21","|choice|move roost|move stealthrock","|","|move|p1a: Skarmory|Roost|p1a: Skarmory","|-heal|p1a: Skarmory|333/333","|cant|p2a: Empoleon|par","|","|-heal|p2a: Empoleon|299/372 par|[from] item: Leftovers","|turn|22","|choice|move ironhead 1|move defog 1","|","|move|p1a: Skarmory|Iron Head|p2a: Empoleon","|-resisted|p2a: Empoleon","|-damage|p2a: Empoleon|279/372 par","|move|p2a: Empoleon|Defog|p1a: Skarmory","|-unboost|p1a: Skarmory|evasion|1","|-sideend|p2: FlareonDriod|Spikes|[from] move: Defog|[of] p2a: Empoleon","|","|-heal|p2a: Empoleon|302/372 par|[from] item: Leftovers","|turn|23","|choice|move ironhead 1|move stealthrock","|","|move|p1a: Skarmory|Iron Head|p2a: Empoleon","|-resisted|p2a: Empoleon","|-damage|p2a: Empoleon|282/372 par","|cant|p2a: Empoleon|flinch","|","|-heal|p2a: Empoleon|305/372 par|[from] item: Leftovers","|turn|24","|choice|move ironhead 1|move scald 1","|","|move|p1a: Skarmory|Iron Head|p2a: Empoleon","|-resisted|p2a: Empoleon","|-damage|p2a: Empoleon|281/372 par","|cant|p2a: Empoleon|par","|","|-heal|p2a: Empoleon|304/372 par|[from] item: Leftovers","|turn|25","|choice|move ironhead 1|move stealthrock","|","|move|p1a: Skarmory|Iron Head|p2a: Empoleon","|-resisted|p2a: Empoleon","|-damage|p2a: Empoleon|281/372 par","|move|p2a: Empoleon|Stealth Rock|p1a: Skarmory","|-sidestart|p1: BatterBotto|move: Stealth Rock","|","|-heal|p2a: Empoleon|304/372 par|[from] item: Leftovers","|turn|26","|choice|move spikes|move scald 1","|","|move|p1a: Skarmory|Spikes|p2a: Empoleon","|-sidestart|p2: FlareonDriod|Spikes","|move|p2a: Empoleon|Scald|p1a: Skarmory","|-damage|p1a: Skarmory|230/333","|","|-heal|p2a: Empoleon|327/372 par|[from] item: Leftovers","|turn|27","|choice|move spikes|move scald 1","|","|move|p1a: Skarmory|Spikes|p2a: Empoleon","|-sidestart|p2: FlareonDriod|Spikes","|move|p2a: Empoleon|Scald|p1a: Skarmory","|-damage|p1a: Skarmory|127/333","|","|-heal|p2a: Empoleon|350/372 par|[from] item: Leftovers","|turn|28","|choice|move roost|move icebeam 1","|","|move|p1a: Skarmory|Roost|p1a: Skarmory","|-heal|p1a: Skarmory|294/333","|move|p2a: Empoleon|Ice Beam|p1a: Skarmory","|-resisted|p1a: Skarmory","|-damage|p1a: Skarmory|253/333","|","|-heal|p2a: Empoleon|372/372 par|[from] item: Leftovers","|turn|29","|choice|move ironhead 1|move scald 1","|","|move|p1a: Skarmory|Iron Head|p2a: Empoleon","|-resisted|p2a: Empoleon","|-damage|p2a: Empoleon|351/372 par","|move|p2a: Empoleon|Scald|p1a: Skarmory","|-damage|p1a: Skarmory|157/333","|","|-heal|p2a: Empoleon|372/372 par|[from] item: Leftovers","|turn|30","|choice|move ironhead 1|move defog 1","|","|move|p1a: Skarmory|Iron Head|p2a: Empoleon","|-resisted|p2a: Empoleon","|-damage|p2a: Empoleon|348/372 par","|move|p2a: Empoleon|Defog|p1a: Skarmory","|-unboost|p1a: Skarmory|evasion|1","|-sideend|p1: BatterBotto|Stealth Rock|[from] move: Defog|[of] p1a: Skarmory","|-sideend|p2: FlareonDriod|Spikes|[from] move: Defog|[of] p2a: Empoleon","|","|-heal|p2a: Empoleon|371/372 par|[from] item: Leftovers","|turn|31","|choice|move spikes|move stealthrock","|","|move|p1a: Skarmory|Spikes|p2a: Empoleon","|-sidestart|p2: FlareonDriod|Spikes","|move|p2a: Empoleon|Stealth Rock|p1a: Skarmory","|-sidestart|p1: BatterBotto|move: Stealth Rock","|","|-heal|p2a: Empoleon|372/372 par|[from] item: Leftovers","|turn|32","|choice|move spikes|move scald 1","|","|move|p1a: Skarmory|Spikes|p2a: Empoleon","|-sidestart|p2: FlareonDriod|Spikes","|move|p2a: Empoleon|Scald|p1a: Skarmory","|-damage|p1a: Skarmory|48/333","|","|turn|33","|choice|move ironhead 1|move icebeam 1","|","|move|p1a: Skarmory|Iron Head|p2a: Empoleon","|-resisted|p2a: Empoleon","|-damage|p2a: Empoleon|352/372 par","|move|p2a: Empoleon|Ice Beam|p1a: Skarmory","|-damage|p1a: Skarmory|0 fnt","|faint|p1a: Skarmory","|","|-heal|p2a: Empoleon|372/372 par|[from] item: Leftovers","|choice|switch 4|","|","|switch|p1a: Clefable|Clefable, F|394/394","|turn|34","|choice|move moonblast 1|switch 2","|","|switch|p2a: Beedrill|Beedrill, F|271/271","|-damage|p2a: Beedrill|226/271|[from] Spikes","|move|p1a: Clefable|Moonblast|p2a: Beedrill","|-resisted|p2a: Beedrill","|-crit|p2a: Beedrill","|-damage|p2a: Beedrill|127/271","|","|turn|35","|choice|move flamethrower 1|move poisonjab 1 mega","|","|detailschange|p2a: Beedrill|Beedrill-Mega, F","|-mega|p2a: Beedrill|Beedrill|Beedrillite","|move|p2a: Beedrill|Poison Jab|p1a: Clefable","|-supereffective|p1a: Clefable","|-damage|p1a: Clefable|0 fnt","|faint|p1a: Clefable","|","|choice|switch 5|","|","|switch|p1a: Tyranitar|Tyranitar, M|355/355","|-damage|p1a: Tyranitar|311/355|[from] Stealth Rock","|-weather|Sandstorm|[from] ability: Sand Stream|[of] p1a: Tyranitar","|turn|36","|choice|move icepunch 1|move drillrun 1","|","|move|p2a: Beedrill|Drill Run|p1a: Tyranitar","|-supereffective|p1a: Tyranitar","|-damage|p1a: Tyranitar|131/355","|move|p1a: Tyranitar|Ice Punch|p2a: Beedrill","|-damage|p2a: Beedrill|0 fnt","|faint|p2a: Beedrill","|","|-weather|Sandstorm|[upkeep]","|choice||switch 5","|","|switch|p2a: Toxicroak|Toxicroak, F|307/307","|-damage|p2a: Toxicroak|256/307|[from] Spikes","|turn|37","|choice|move icepunch 1|move gunkshot 1","|","|move|p2a: Toxicroak|Gunk Shot|p1a: Tyranitar","|-resisted|p1a: Tyranitar","|-damage|p1a: Tyranitar|26/355","|-status|p1a: Tyranitar|psn","|-damage|p2a: Toxicroak|226/307|[from] item: Life Orb","|move|p1a: Tyranitar|Ice Punch|p2a: Toxicroak","|-damage|p2a: Toxicroak|2/307","|","|-weather|Sandstorm|[upkeep]","|-damage|p2a: Toxicroak|0 fnt|[from] sandstorm","|-damage|p1a: Tyranitar|0 fnt|[from] psn","|faint|p2a: Toxicroak","|faint|p1a: Tyranitar","|","|win|FlareonDriod"],"p1rating":1155.828096626649,"p2rating":1259.4738921809767,"endType":"normal"}