{"seed":[58981,12627,21206,828],"turns":15,"p1":"BatterBotto","p2":"Lost ☾ Cause 146","p1team":[{"name":"U.N. Oven Was Her","species":"rotomheat","item":"leftovers","ability":"Levitate","moves":["overheat","voltswitch","painsplit","thunderwave"],"nature":"Bold","evs":{"hp":248,"atk":0,"def":216,"spa":0,"spd":0,"spe":44},"ivs":{"hp":31,"atk":0,"def":31,"spa":31,"spd":31,"spe":31}},{"name":"D'Artagnan","species":"keldeoresolute","item":"choicespecs","ability":"Justified","moves":["hydropump","secretsword","scald","icywind"],"nature":"Timid","evs":{"hp":0,"atk":0,"def":0,"spa":252,"spd":4,"spe":252},"ivs":{"hp":31,"atk":0,"def":31,"spa":31,"spd":31,"spe":31}},{"name":"Diglett Sr.","species":"excadrill","item":"lifeorb","ability":"Sand Rush","moves":["earthquake","ironhead","rockslide","rapidspin"],"nature":"Adamant","evs":{"hp":0,"atk":252,"def":4,"spa":0,"spd":0,"spe":252},"gender":"M","ivs":{"hp":31,"atk":31,"def":31,"spa":31,"spd":31,"spe":31}},{"name":"Armor","species":"tyranitar","item":"smoothrock","ability":"Sand Stream","moves":["rockslide","icebeam","stealthrock","pursuit"],"nature":"Sassy","evs":{"hp":252,"atk":0,"def":0,"spa":4,"spd":252,"spe":0},"gender":"M","ivs":{"hp":31,"atk":31,"def":31,"spa":31,"spd":31,"spe":31}},{"name":"SNEK STAHP","species":"serperior","item":"expertbelt","ability":"Contrary","moves":["leafstorm","hiddenpowerfire","dragonpulse","knockoff"],"nature":"Timid","evs":{"hp":0,"atk":0,"def":0,"spa":252,"spd":4,"spe":252},"gender":"F","ivs":{"hp":31,"atk":30,"def":31,"spa":30,"spd":31,"spe":30}},{"name":"Waifumon","species":"gardevoir","item":"gardevoirite","ability":"Trace","moves":["hypervoice","psyshock","taunt","healingwish"],"nature":"Timid","evs":{"hp":16,"atk":0,"def":8,"spa":232,"spd":0,"spe":252},"gender":"F","ivs":{"hp":31,"atk":0,"def":31,"spa":31,"spd":31,"spe":31}}],"p2team":[{"name":"Absol","species":"Absol","item":"absolite","ability":"Pressure","moves":["swordsdance","knockoff","suckerpunch","playrough"],"nature":"Jolly","evs":{"hp":0,"atk":252,"def":0,"spa":0,"spd":4,"spe":252},"ivs":{"hp":31,"atk":31,"def":31,"spa":31,"spd":31,"spe":31}},{"name":"Dragonite","species":"Dragonite","item":"weaknesspolicy","ability":"Multiscale","moves":["dragondance","dragonclaw","extremespeed","earthquake"],"nature":"Jolly","evs":{"hp":0,"atk":252,"def":0,"spa":0,"spd":4,"spe":252},"ivs":{"hp":31,"atk":31,"def":31,"spa":31,"spd":31,"spe":31}},{"name":"Volcanion","species":"Volcanion","item":"choicescarf","ability":"Water Absorb","moves":["steameruption","fireblast","sludgewave","earthpower"],"nature":"Timid","evs":{"hp":0,"atk":0,"def":0,"spa":252,"spd":4,"spe":252},"ivs":{"hp":31,"atk":0,"def":31,"spa":31,"spd":31,"spe":31}},{"name":"Raikou","species":"Raikou","item":"lifeorb","ability":"Pressure","moves":["thunderbolt","voltswitch","hiddenpowerice","aurasphere"],"nature":"Rash","evs":{"hp":0,"atk":0,"def":0,"spa":252,"spd":0,"spe":252},"ivs":{"hp":31,"atk":0,"def":30,"spa":31,"spd":31,"spe":31},"shiny":true},{"name":"Landorus","species":"Landorus-Therian","item":"rockyhelmet","ability":"Intimidate","moves":["earthquake","knockoff","rockslide","stealthrock"],"nature":"Jolly","evs":{"hp":0,"atk":252,"def":0,"spa":0,"spd":252,"spe":4},"ivs":{"hp":31,"atk":31,"def":31,"spa":31,"spd":31,"spe":31}},{"name":"Serperior","species":"Serperior","item":"lifeorb","ability":"Contrary","moves":["leafstorm","gigadrain","leechseed","hiddenpowerwater"],"nature":"Timid","evs":{"hp":0,"atk":0,"def":0,"spa":252,"spd":4,"spe":252},"ivs":{"hp":31,"atk":0,"def":30,"spa":30,"spd":31,"spe":31}}],"log":["|player|p1|BatterBotto|batterbotto.png","|player|p2|Lost ☾ Cause 146|lostcause146.png","|gametype|singles","|gen|6","|tier|OU","|rated","|seed|58981,12627,21206,828","|clearpoke","|poke|p1|Rotom-Heat|item","|poke|p1|Keldeo-Resolute|item","|poke|p1|Excadrill, M|item","|poke|p1|Tyranitar, M|item","|poke|p1|Serperior, F|item","|poke|p1|Gardevoir, F|item","|poke|p2|Absol, M|item","|poke|p2|Dragonite, M|item","|poke|p2|Volcanion|item","|poke|p2|Raikou, shiny|item","|poke|p2|Landorus-Therian, M|item","|poke|p2|Serperior, F|item","|rule|Swagger Clause: Swagger is banned","|rule|Baton Pass Clause: Limit one Baton Passer, can't pass Spe and other stats simultaneously","|rule|Sleep Clause Mod: Limit one foe put to sleep","|rule|Species Clause: Limit one of each Pokémon","|rule|OHKO Clause: OHKO moves are banned","|rule|Moody Clause: Moody is banned","|rule|Evasion Moves Clause: Evasion moves are banned","|rule|Endless Battle Clause: Forcing endless battles is banned","|rule|HP Percentage Mod: HP is shown in percentages","|teampreview","|choice|team 4, team 1, team 2, team 3, team 5, team 6|team 3, team 2, team 1, team 4, team 5, team 6","|","|start","|switch|p1a: Armor|Tyranitar, M|404/404","|switch|p2a: Volcanion|Volcanion|301/301","|-weather|Sandstorm|[from] ability: Sand Stream|[of] p1a: Armor","|turn|1","|choice|move stealthrock|move steameruption","|","|move|p2a: Volcanion|Steam Eruption|p1a: Armor","|-supereffective|p1a: Armor","|-damage|p1a: Armor|200/404","|-status|p1a: Armor|brn","|move|p1a: Armor|Stealth Rock|p2a: Volcanion","|-sidestart|p2: Lost ☾ Cause 146|move: Stealth Rock","|","|-weather|Sandstorm|[upkeep]","|-damage|p2a: Volcanion|283/301|[from] sandstorm","|-damage|p1a: Armor|150/404 brn|[from] brn","|turn|2","|choice|switch 3|move steameruption","|","|switch|p1a: D'Artagnan|Keldeo-Resolute|323/323","|move|p2a: Volcanion|Steam Eruption|p1a: D'Artagnan","|-resisted|p1a: D'Artagnan","|-damage|p1a: D'Artagnan|221/323","|","|-weather|Sandstorm|[upkeep]","|-damage|p2a: Volcanion|265/301|[from] sandstorm","|-damage|p1a: D'Artagnan|201/323|[from] sandstorm","|turn|3","|choice|move secretsword 1|move steameruption","|","|move|p2a: Volcanion|Steam Eruption|p1a: D'Artagnan","|-resisted|p1a: D'Artagnan","|-damage|p1a: D'Artagnan|93/323","|move|p1a: D'Artagnan|Secret Sword|p2a: Volcanion","|-damage|p2a: Volcanion|87/301","|","|-weather|Sandstorm|[upkeep]","|-damage|p2a: Volcanion|69/301|[from] sandstorm","|-damage|p1a: D'Artagnan|73/323|[from] sandstorm","|turn|4","|choice|move secretsword 1|move steameruption","|","|move|p2a: Volcanion|Steam Eruption|p1a: D'Artagnan","|-resisted|p1a: D'Artagnan","|-damage|p1a: D'Artagnan|0 fnt","|faint|p1a: D'Artagnan","|","|-weather|Sandstorm|[upkeep]","|-damage|p2a: Volcanion|51/301|[from] sandstorm","|choice|switch 6|","|","|switch|p1a: Waifumon|Gardevoir, F|281/281","|-ability|p1a: Waifumon|Water Absorb|[from] ability: Trace|[of] p2a: Volcanion","|turn|5","|choice|move hypervoice mega|move steameruption","|","|detailschange|p1a: Waifumon|Gardevoir-Mega, F","|-mega|p1a: Waifumon|Gardevoir|Gardevoirite","|move|p2a: Volcanion|Steam Eruption|p1a: Waifumon","|-damage|p1a: Waifumon|137/281","|move|p1a: Waifumon|Hyper Voice|p2a: Volcanion","|-resisted|p2a: Volcanion","|-damage|p2a: Volcanion|0 fnt","|faint|p2a: Volcanion","|","|-weather|Sandstorm|[upkeep]","|-damage|p1a: Waifumon|120/281|[from] sandstorm","|choice||switch 4","|","|switch|p2a: Raikou|Raikou, shiny|321/321","|-damage|p2a: Raikou|281/321|[from] Stealth Rock","|-ability|p2a: Raikou|Pressure","|turn|6","|choice|move psyshock 1|move voltswitch","|","|move|p2a: Raikou|Volt Switch|p1a: Waifumon","|-damage|p1a: Waifumon|2/281","|-damage|p2a: Raikou|249/321|[from] item: Life Orb","|choice||switch 6","|","|switch|p2a: Serperior|Serperior, F|291/291","|-damage|p2a: Serperior|255/291|[from] Stealth Rock","|move|p1a: Waifumon|Psyshock|p2a: Serperior","|-crit|p2a: Serperior","|-damage|p2a: Serperior|11/291","|","|-weather|Sandstorm|[upkeep]","|-damage|p2a: Serperior|0 fnt|[from] sandstorm","|-damage|p1a: Waifumon|0 fnt|[from] sandstorm","|faint|p2a: Serperior","|faint|p1a: Waifumon","|choice|switch 2|switch 5","|","|switch|p2a: Landorus|Landorus-Therian, M|319/319","|switch|p1a: U.N. Oven Was Her|Rotom-Heat|303/303","|-damage|p2a: Landorus|280/319|[from] Stealth Rock","|-ability|p2a: Landorus|Intimidate|boost","|-unboost|p1a: U.N. Oven Was Her|atk|1","|turn|7","|choice|move overheat 1|move stealthrock","|","|move|p2a: Landorus|Stealth Rock|p1a: U.N. Oven Was Her","|-sidestart|p1: BatterBotto|move: Stealth Rock","|move|p1a: U.N. Oven Was Her|Overheat|p2a: Landorus","|-damage|p2a: Landorus|130/319","|-unboost|p1a: U.N. Oven Was Her|spa|2","|","|-weather|Sandstorm|[upkeep]","|-damage|p1a: U.N. Oven Was Her|285/303|[from] sandstorm","|-heal|p1a: U.N. Oven Was Her|303/303|[from] item: Leftovers","|turn|8","|choice|move overheat 1|move rockslide","|","|move|p2a: Landorus|Rock Slide|p1a: U.N. Oven Was Her","|-supereffective|p1a: U.N. Oven Was Her","|-damage|p1a: U.N. Oven Was Her|155/303","|move|p1a: U.N. Oven Was Her|Overheat|p2a: Landorus","|-damage|p2a: Landorus|63/319","|-unboost|p1a: U.N. Oven Was Her|spa|2","|","|-weather|none","|-heal|p1a: U.N. Oven Was Her|173/303|[from] item: Leftovers","|turn|9","|choice|move overheat 1|move rockslide","|","|move|p2a: Landorus|Rock Slide|p1a: U.N. Oven Was Her","|-supereffective|p1a: U.N. Oven Was Her","|-damage|p1a: U.N. Oven Was Her|27/303","|move|p1a: U.N. Oven Was Her|Overheat|p2a: Landorus","|-damage|p2a: Landorus|18/319","|-unboost|p1a: U.N. Oven Was Her|spa|2","|","|-heal|p1a: U.N. Oven Was Her|45/303|[from] item: Leftovers","|turn|10","|choice|move overheat 1|move rockslide","|","|move|p2a: Landorus|Rock Slide|p1a: U.N. Oven Was Her","|-supereffective|p1a: U.N. Oven Was Her","|-damage|p1a: U.N. Oven Was Her|0 fnt","|faint|p1a: U.N. Oven Was Her","|","|choice|switch 4|","|","|switch|p1a: Diglett Sr.|Excadrill, M|361/361","|-damage|p1a: Diglett Sr.|350/361|[from] Stealth Rock","|turn|11","|choice|move rockslide|move earthquake","|","|move|p1a: Diglett Sr.|Rock Slide|p2a: Landorus|[miss]","|-miss|p1a: Diglett Sr.|p2a: Landorus","|move|p2a: Landorus|Earthquake|p1a: Diglett Sr.","|-supereffective|p1a: Diglett Sr.","|-damage|p1a: Diglett Sr.|0 fnt","|faint|p1a: Diglett Sr.","|","|choice|switch 3|","|","|switch|p1a: Armor|Tyranitar, M|150/404 brn","|-damage|p1a: Armor|100/404 brn|[from] Stealth Rock","|-weather|Sandstorm|[from] ability: Sand Stream|[of] p1a: Armor","|turn|12","|choice|move icebeam 1|move earthquake","|","|move|p2a: Landorus|Earthquake|p1a: Armor","|-supereffective|p1a: Armor","|-damage|p1a: Armor|0 fnt","|faint|p1a: Armor","|","|-weather|Sandstorm|[upkeep]","|choice|switch 5|","|","|switch|p1a: SNEK STAHP|Serperior, F|291/291","|-damage|p1a: SNEK STAHP|255/291|[from] Stealth Rock","|turn|13","|choice|move knockoff 1|move knockoff","|","|move|p1a: SNEK STAHP|Knock Off|p2a: Landorus","|-damage|p2a: Landorus|0 fnt","|-damage|p1a: SNEK STAHP|207/291|[from] item: Rocky Helmet|[of] p2a: Landorus","|-enditem|p2a: Landorus|Rocky Helmet|[from] move: Knock Off|[of] p1a: SNEK STAHP","|faint|p2a: Landorus","|","|-weather|Sandstorm|[upkeep]","|-damage|p1a: SNEK STAHP|189/291|[from] sandstorm","|choice||switch 2","|","|switch|p2a: Dragonite|Dragonite, M|323/323","|-damage|p2a: Dragonite|243/323|[from] Stealth Rock","|turn|14","|choice|move dragonpulse 1|move extremespeed","|","|move|p2a: Dragonite|Extreme Speed|p1a: SNEK STAHP","|-damage|p1a: SNEK STAHP|80/291","|move|p1a: SNEK STAHP|Dragon Pulse|p2a: Dragonite","|-supereffective|p2a: Dragonite","|-damage|p2a: Dragonite|87/323","|-enditem|p2a: Dragonite|Weakness Policy","|-boost|p2a: Dragonite|atk|2","|-boost|p2a: Dragonite|spa|2","|","|-weather|Sandstorm|[upkeep]","|-damage|p1a: SNEK STAHP|62/291|[from] sandstorm","|-damage|p2a: Dragonite|67/323|[from] sandstorm","|turn|15","|choice|move dragonpulse 1|move extremespeed","|","|move|p2a: Dragonite|Extreme Speed|p1a: SNEK STAHP","|-damage|p1a: SNEK STAHP|0 fnt","|faint|p1a: SNEK STAHP","|","|win|Lost ☾ Cause 146"],"p1rating":1112.1694810082622,"p2rating":1279.1231252157374,"endType":"normal"}