{"seed":[57144,57776,35940,49535],"turns":23,"p1":"BatterBotto","p2":"Elcrest ☢","p1team":[{"name":"Charizard","species":"Charizard","item":"charizarditex","ability":"Blaze","moves":["dragondance","dragonclaw","flareblitz","earthquake"],"nature":"Jolly","evs":{"hp":0,"atk":252,"def":0,"spa":0,"spd":4,"spe":252},"ivs":{"hp":31,"atk":31,"def":31,"spa":31,"spd":31,"spe":31}},{"name":"Darmanitan","species":"Darmanitan","item":"choicescarf","ability":"Sheer Force","moves":["flareblitz","uturn","earthquake","superpower"],"nature":"Adamant","evs":{"hp":0,"atk":252,"def":0,"spa":0,"spd":4,"spe":252},"ivs":{"hp":31,"atk":31,"def":31,"spa":31,"spd":31,"spe":31}},{"name":"Absol","species":"Absol","item":"lifeorb","ability":"Super Luck","moves":["knockoff","suckerpunch","psychocut","superpower"],"nature":"Adamant","evs":{"hp":0,"atk":252,"def":0,"spa":0,"spd":4,"spe":252},"ivs":{"hp":31,"atk":31,"def":31,"spa":31,"spd":31,"spe":31}},{"name":"Excadrill","species":"Excadrill","item":"lifeorb","ability":"Sand Rush","moves":["earthquake","ironhead","rockslide","rapidspin"],"nature":"Jolly","evs":{"hp":0,"atk":252,"def":0,"spa":0,"spd":4,"spe":252},"ivs":{"hp":31,"atk":31,"def":31,"spa":31,"spd":31,"spe":31}},{"name":"Zapdos","species":"Zapdos","item":"lifeorb","ability":"Pressure","moves":["thunderbolt","defog","heatwave","hiddenpowerice"],"nature":"Timid","evs":{"hp":0,"atk":0,"def":0,"spa":252,"spd":4,"spe":252},"ivs":{"hp":31,"atk":0,"def":30,"spa":31,"spd":31,"spe":31}},{"name":"Lucario","species":"Lucario","item":"lifeorb","ability":"Inner Focus","moves":["closecombat","extremespeed","icepunch","blazekick"],"nature":"Jolly","evs":{"hp":0,"atk":252,"def":0,"spa":0,"spd":4,"spe":252},"ivs":{"hp":31,"atk":31,"def":31,"spa":31,"spd":31,"spe":31}}],"p2team":[{"name":"Clefable","species":"Clefable","item":"leftovers","ability":"Magic Guard","moves":["cosmicpower","storedpower","moonblast","softboiled"],"nature":"Bold","evs":{"hp":4,"atk":0,"def":252,"spa":0,"spd":252,"spe":0},"ivs":{"hp":31,"atk":0,"def":31,"spa":31,"spd":31,"spe":31}},{"name":"Weavile","species":"Weavile","item":"focussash","ability":"Pressure","moves":["fakeout","knockoff","iciclecrash","brickbreak"],"nature":"Jolly","evs":{"hp":0,"atk":252,"def":0,"spa":0,"spd":4,"spe":252},"ivs":{"hp":31,"atk":31,"def":31,"spa":31,"spd":31,"spe":31}},{"name":"Sceptile","species":"Sceptile","item":"sceptilite","ability":"Overgrow","moves":["dragonpulse","energyball","focusblast","toxic"],"nature":"Timid","evs":{"hp":0,"atk":0,"def":0,"spa":252,"spd":4,"spe":252},"ivs":{"hp":31,"atk":0,"def":31,"spa":31,"spd":31,"spe":31}},{"name":"Hawlucha","species":"Hawlucha","item":"powerherb","ability":"Unburden","moves":["swordsdance","skyattack","acrobatics","highjumpkick"],"nature":"Jolly","evs":{"hp":0,"atk":252,"def":0,"spa":0,"spd":4,"spe":252},"ivs":{"hp":31,"atk":31,"def":31,"spa":31,"spd":31,"spe":31}},{"name":"Dragonite","species":"Dragonite","item":"weaknesspolicy","ability":"Multiscale","moves":["dragondance","extremespeed","outrage","brickbreak"],"nature":"Jolly","evs":{"hp":0,"atk":0,"def":252,"spa":0,"spd":252,"spe":4},"ivs":{"hp":31,"atk":31,"def":31,"spa":31,"spd":31,"spe":31}},{"name":"Breloom","species":"Breloom","item":"focussash","ability":"Technician","moves":["spore","machpunch","swordsdance","rockslide"],"nature":"Adamant","evs":{"hp":0,"atk":252,"def":0,"spa":0,"spd":4,"spe":252},"ivs":{"hp":31,"atk":31,"def":31,"spa":31,"spd":31,"spe":31}}],"log":["|player|p1|BatterBotto|batterbotto.png","|player|p2|Elcrest ☢|273","|gametype|singles","|gen|6","|tier|OU","|rated","|seed|57144,57776,35940,49535","|clearpoke","|poke|p1|Charizard, F|item","|poke|p1|Darmanitan, M|item","|poke|p1|Absol, M|item","|poke|p1|Excadrill, F|item","|poke|p1|Zapdos|item","|poke|p1|Lucario, F|item","|poke|p2|Clefable, F|item","|poke|p2|Weavile, F|item","|poke|p2|Sceptile, M|item","|poke|p2|Hawlucha, F|item","|poke|p2|Dragonite, M|item","|poke|p2|Breloom, M|item","|rule|Swagger Clause: Swagger is banned","|rule|Baton Pass Clause: Limit one Baton Passer, can't pass Spe and other stats simultaneously","|rule|Sleep Clause Mod: Limit one foe put to sleep","|rule|Species Clause: Limit one of each Pokémon","|rule|OHKO Clause: OHKO moves are banned","|rule|Moody Clause: Moody is banned","|rule|Evasion Moves Clause: Evasion moves are banned","|rule|Endless Battle Clause: Forcing endless battles is banned","|rule|HP Percentage Mod: HP is shown in percentages","|teampreview","|choice|team 6, team 1, team 2, team 3, team 4, team 5|team 4, team 2, team 3, team 1, team 5, team 6","|","|start","|switch|p1a: Lucario|Lucario, F|281/281","|switch|p2a: Hawlucha|Hawlucha, F|297/297","|turn|1","|choice|move icepunch 1|move swordsdance","|","|move|p2a: Hawlucha|Swords Dance|p2a: Hawlucha","|-boost|p2a: Hawlucha|atk|2","|move|p1a: Lucario|Ice Punch|p2a: Hawlucha","|-supereffective|p2a: Hawlucha","|-damage|p2a: Hawlucha|32/297","|-damage|p1a: Lucario|253/281|[from] item: Life Orb","|","|turn|2","|choice|move icepunch 1|move highjumpkick","|","|move|p2a: Hawlucha|High Jump Kick|p1a: Lucario","|-supereffective|p1a: Lucario","|-damage|p1a: Lucario|0 fnt","|faint|p1a: Lucario","|","|choice|switch 6|","|","|switch|p1a: Zapdos|Zapdos|321/321","|-ability|p1a: Zapdos|Pressure","|turn|3","|choice|move hiddenpower 1|move skyattack","|","|move|p2a: Hawlucha|Sky Attack|p1a: Zapdos|[still]","|-prepare|p2a: Hawlucha|Sky Attack|p1a: Zapdos","|-enditem|p2a: Hawlucha|Power Herb","|-anim|p2a: Hawlucha|Sky Attack|p1a: Zapdos","|-resisted|p1a: Zapdos","|-damage|p1a: Zapdos|82/321","|move|p1a: Zapdos|Hidden Power|p2a: Hawlucha","|-supereffective|p2a: Hawlucha","|-damage|p2a: Hawlucha|0 fnt","|-damage|p1a: Zapdos|50/321|[from] item: Life Orb","|faint|p2a: Hawlucha","|","|choice||switch 6","|","|switch|p2a: Breloom|Breloom, M|261/261","|turn|4","|choice|move heatwave|move spore","|","|move|p1a: Zapdos|Heat Wave|p2a: Breloom","|-supereffective|p2a: Breloom","|-crit|p2a: Breloom","|-enditem|p2a: Breloom|Focus Sash","|-damage|p2a: Breloom|1/261","|-damage|p1a: Zapdos|18/321|[from] item: Life Orb","|move|p2a: Breloom|Spore|p1a: Zapdos","|-status|p1a: Zapdos|slp","|","|turn|5","|choice|move heatwave|move swordsdance","|","|cant|p1a: Zapdos|slp","|move|p2a: Breloom|Swords Dance|p2a: Breloom","|-boost|p2a: Breloom|atk|2","|","|turn|6","|choice|move thunderbolt 1|move machpunch","|","|move|p2a: Breloom|Mach Punch|p1a: Zapdos","|-resisted|p1a: Zapdos","|-damage|p1a: Zapdos|0 fnt","|faint|p1a: Zapdos","|","|choice|switch 2|","|","|switch|p1a: Charizard|Charizard, F|297/297","|turn|7","|choice|move earthquake mega|move rockslide","|","|detailschange|p1a: Charizard|Charizard-Mega-X, F","|-mega|p1a: Charizard|Charizard|Charizardite X","|move|p1a: Charizard|Earthquake|p2a: Breloom","|-resisted|p2a: Breloom","|-damage|p2a: Breloom|0 fnt","|faint|p2a: Breloom","|","|choice||switch 5","|","|switch|p2a: Dragonite|Dragonite, M|323/323","|turn|8","|choice|move dragonclaw 1|move outrage","|","|move|p1a: Charizard|Dragon Claw|p2a: Dragonite","|-supereffective|p2a: Dragonite","|-damage|p2a: Dragonite|166/323","|-enditem|p2a: Dragonite|Weakness Policy","|-boost|p2a: Dragonite|atk|2","|-boost|p2a: Dragonite|spa|2","|move|p2a: Dragonite|Outrage|p1a: Charizard","|-supereffective|p1a: Charizard","|-damage|p1a: Charizard|0 fnt","|faint|p1a: Charizard","|","|choice|switch 5|","|","|switch|p1a: Excadrill|Excadrill, F|361/361","|turn|9","|choice|move rockslide|move outrage","|","|move|p1a: Excadrill|Rock Slide|p2a: Dragonite","|-supereffective|p2a: Dragonite","|-damage|p2a: Dragonite|0 fnt","|-damage|p1a: Excadrill|325/361|[from] item: Life Orb","|faint|p2a: Dragonite","|","|choice||switch 2","|","|switch|p2a: Weavile|Weavile, F|281/281","|-ability|p2a: Weavile|Pressure","|turn|10","|choice|move earthquake|move fakeout","|","|move|p2a: Weavile|Fake Out|p1a: Excadrill","|-resisted|p1a: Excadrill","|-damage|p1a: Excadrill|294/361","|cant|p1a: Excadrill|flinch","|","|turn|11","|choice|move rockslide|move brickbreak","|","|move|p2a: Weavile|Brick Break|p1a: Excadrill","|-supereffective|p1a: Excadrill","|-damage|p1a: Excadrill|42/361","|move|p1a: Excadrill|Rock Slide|p2a: Weavile","|-supereffective|p2a: Weavile","|-enditem|p2a: Weavile|Focus Sash","|-damage|p2a: Weavile|1/281","|-damage|p1a: Excadrill|6/361|[from] item: Life Orb","|","|turn|12","|choice|move rockslide|move brickbreak","|","|move|p2a: Weavile|Brick Break|p1a: Excadrill","|-supereffective|p1a: Excadrill","|-damage|p1a: Excadrill|0 fnt","|faint|p1a: Excadrill","|","|choice|switch 4|","|","|switch|p1a: Absol|Absol, M|271/271","|turn|13","|choice|move suckerpunch 1|move brickbreak","|","|move|p1a: Absol|Sucker Punch|p2a: Weavile","|-resisted|p2a: Weavile","|-damage|p2a: Weavile|0 fnt","|-damage|p1a: Absol|244/271|[from] item: Life Orb","|faint|p2a: Weavile","|","|choice||switch 3","|","|switch|p2a: Sceptile|Sceptile, M|281/281","|turn|14","|choice|move suckerpunch 1|move focusblast mega","|","|detailschange|p2a: Sceptile|Sceptile-Mega, M","|-mega|p2a: Sceptile|Sceptile|Sceptilite","|move|p1a: Absol|Sucker Punch|p2a: Sceptile","|-damage|p2a: Sceptile|22/281","|-damage|p1a: Absol|217/271|[from] item: Life Orb","|move|p2a: Sceptile|Focus Blast|p1a: Absol","|-supereffective|p1a: Absol","|-damage|p1a: Absol|0 fnt","|faint|p1a: Absol","|","|choice|switch 3|","|","|switch|p1a: Darmanitan|Darmanitan, M|351/351","|turn|15","|choice|move uturn 1|move focusblast","|","|move|p1a: Darmanitan|U-turn|p2a: Sceptile","|-supereffective|p2a: Sceptile","|-damage|p2a: Sceptile|0 fnt","|faint|p2a: Sceptile","|","|choice||switch 4","|","|switch|p2a: Clefable|Clefable, F|332/332","|turn|16","|choice|move uturn 1|move cosmicpower","|","|move|p1a: Darmanitan|U-turn|p2a: Clefable","|-resisted|p2a: Clefable","|-damage|p2a: Clefable|290/332","|move|p2a: Clefable|Cosmic Power|p2a: Clefable","|-boost|p2a: Clefable|def|1","|-boost|p2a: Clefable|spd|1","|","|-heal|p2a: Clefable|310/332|[from] item: Leftovers","|turn|17","|choice|move uturn 1|move cosmicpower","|","|move|p1a: Darmanitan|U-turn|p2a: Clefable","|-resisted|p2a: Clefable","|-damage|p2a: Clefable|282/332","|move|p2a: Clefable|Cosmic Power|p2a: Clefable","|-boost|p2a: Clefable|def|1","|-boost|p2a: Clefable|spd|1","|","|-heal|p2a: Clefable|302/332|[from] item: Leftovers","|turn|18","|choice|move uturn 1|move cosmicpower","|","|move|p1a: Darmanitan|U-turn|p2a: Clefable","|-resisted|p2a: Clefable","|-damage|p2a: Clefable|282/332","|move|p2a: Clefable|Cosmic Power|p2a: Clefable","|-boost|p2a: Clefable|def|1","|-boost|p2a: Clefable|spd|1","|","|-heal|p2a: Clefable|302/332|[from] item: Leftovers","|turn|19","|choice|move uturn 1|move cosmicpower","|","|move|p1a: Darmanitan|U-turn|p2a: Clefable","|-resisted|p2a: Clefable","|-damage|p2a: Clefable|285/332","|move|p2a: Clefable|Cosmic Power|p2a: Clefable","|-boost|p2a: Clefable|def|1","|-boost|p2a: Clefable|spd|1","|","|-heal|p2a: Clefable|305/332|[from] item: Leftovers","|turn|20","|choice|move uturn 1|move cosmicpower","|","|move|p1a: Darmanitan|U-turn|p2a: Clefable","|-resisted|p2a: Clefable","|-damage|p2a: Clefable|289/332","|move|p2a: Clefable|Cosmic Power|p2a: Clefable","|-boost|p2a: Clefable|def|1","|-boost|p2a: Clefable|spd|1","|","|-heal|p2a: Clefable|309/332|[from] item: Leftovers","|turn|21","|choice|move uturn 1|move cosmicpower","|","|move|p1a: Darmanitan|U-turn|p2a: Clefable","|-resisted|p2a: Clefable","|-damage|p2a: Clefable|296/332","|move|p2a: Clefable|Cosmic Power|p2a: Clefable","|-boost|p2a: Clefable|def|1","|-boost|p2a: Clefable|spd|1","|","|-heal|p2a: Clefable|316/332|[from] item: Leftovers","|turn|22","|choice|move uturn 1|move storedpower","|","|move|p1a: Darmanitan|U-turn|p2a: Clefable","|-resisted|p2a: Clefable","|-crit|p2a: Clefable","|-damage|p2a: Clefable|250/332","|move|p2a: Clefable|Stored Power|p1a: Darmanitan","|-damage|p1a: Darmanitan|41/351","|","|-heal|p2a: Clefable|270/332|[from] item: Leftovers","|turn|23","|choice|move uturn 1|move storedpower","|","|move|p1a: Darmanitan|U-turn|p2a: Clefable","|-resisted|p2a: Clefable","|-crit|p2a: Clefable","|-damage|p2a: Clefable|206/332","|move|p2a: Clefable|Stored Power|p1a: Darmanitan","|-damage|p1a: Darmanitan|0 fnt","|faint|p1a: Darmanitan","|","|win|Elcrest ☢"],"p1rating":1120.8955863915312,"p2rating":1215.75376354685,"endType":"normal"}