{"seed":[6536,8058,12577,53924],"turns":32,"p1":"FlareonDriod","p2":"Elcrest ☢","p1team":[{"name":"Pinky","species":"weavile","item":"lifeorb","ability":"Pressure","moves":["knockoff","iciclecrash","iceshard","pursuit"],"nature":"Jolly","evs":{"hp":0,"atk":252,"def":4,"spa":0,"spd":0,"spe":252},"gender":"F","shiny":true,"ivs":{"hp":31,"atk":31,"def":31,"spa":31,"spd":31,"spe":31}},{"name":"Dog","species":"manectric","item":"manectite","ability":"Lightning Rod","moves":["voltswitch","thunderbolt","overheat","hiddenpowerice"],"nature":"Timid","evs":{"hp":0,"atk":0,"def":4,"spa":252,"spd":0,"spe":252},"gender":"F","ivs":{"hp":31,"atk":30,"def":30,"spa":31,"spd":31,"spe":31},"shiny":true},{"name":"Fatty","species":"azumarill","item":"choicescarf","ability":"Huge Power","moves":["playrough","aquajet","waterfall","superpower"],"nature":"Adamant","evs":{"hp":4,"atk":252,"def":0,"spa":0,"spd":0,"spe":252},"gender":"F","shiny":true,"ivs":{"hp":31,"atk":31,"def":31,"spa":31,"spd":31,"spe":31}},{"name":"Bird","species":"talonflame","item":"lifeorb","ability":"Gale Wings","moves":["bravebird","flareblitz","roost","willowisp"],"nature":"Adamant","evs":{"hp":252,"atk":252,"def":0,"spa":0,"spd":4,"spe":0},"shiny":true,"ivs":{"hp":31,"atk":31,"def":31,"spa":31,"spd":31,"spe":31}},{"name":"Super Fatty","species":"chansey","item":"eviolite","ability":"Natural Cure","moves":["healbell","wish","seismictoss","thunderwave"],"nature":"Bold","evs":{"hp":248,"atk":0,"def":8,"spa":0,"spd":252,"spe":0},"ivs":{"hp":31,"atk":31,"def":31,"spa":31,"spd":31,"spe":31}},{"name":"Horned","species":"excadrill","item":"lifeorb","ability":"Mold Breaker","moves":["earthquake","rockslide","stealthrock","rapidspin"],"nature":"Adamant","evs":{"hp":0,"atk":252,"def":0,"spa":0,"spd":4,"spe":252},"gender":"M","shiny":true,"ivs":{"hp":31,"atk":31,"def":31,"spa":31,"spd":31,"spe":31}}],"p2team":[{"name":"Clefable","species":"Clefable","item":"leftovers","ability":"Magic Guard","moves":["cosmicpower","storedpower","moonblast","softboiled"],"nature":"Bold","evs":{"hp":4,"atk":0,"def":252,"spa":0,"spd":252,"spe":0},"ivs":{"hp":31,"atk":0,"def":31,"spa":31,"spd":31,"spe":31}},{"name":"Weavile","species":"Weavile","item":"focussash","ability":"Pressure","moves":["fakeout","knockoff","iciclecrash","brickbreak"],"nature":"Jolly","evs":{"hp":0,"atk":252,"def":0,"spa":0,"spd":4,"spe":252},"ivs":{"hp":31,"atk":31,"def":31,"spa":31,"spd":31,"spe":31}},{"name":"Sceptile","species":"Sceptile","item":"sceptilite","ability":"Overgrow","moves":["dragonpulse","energyball","focusblast","toxic"],"nature":"Timid","evs":{"hp":0,"atk":0,"def":0,"spa":252,"spd":4,"spe":252},"ivs":{"hp":31,"atk":0,"def":31,"spa":31,"spd":31,"spe":31}},{"name":"Hawlucha","species":"Hawlucha","item":"powerherb","ability":"Unburden","moves":["swordsdance","skyattack","acrobatics","highjumpkick"],"nature":"Jolly","evs":{"hp":0,"atk":252,"def":0,"spa":0,"spd":4,"spe":252},"ivs":{"hp":31,"atk":31,"def":31,"spa":31,"spd":31,"spe":31}},{"name":"Dragonite","species":"Dragonite","item":"weaknesspolicy","ability":"Multiscale","moves":["dragondance","extremespeed","outrage","brickbreak"],"nature":"Jolly","evs":{"hp":0,"atk":0,"def":252,"spa":0,"spd":252,"spe":4},"ivs":{"hp":31,"atk":31,"def":31,"spa":31,"spd":31,"spe":31}},{"name":"Alakazam","species":"Alakazam","item":"lifeorb","ability":"Magic Guard","moves":["energyball","focusblast","psychic","shadowball"],"nature":"Timid","evs":{"hp":0,"atk":0,"def":0,"spa":252,"spd":4,"spe":252},"ivs":{"hp":31,"atk":0,"def":31,"spa":31,"spd":31,"spe":31}}],"log":["|player|p1|FlareonDriod|flareondriod.png","|player|p2|Elcrest ☢|273","|gametype|singles","|gen|6","|tier|OU","|rated","|seed|6536,8058,12577,53924","|clearpoke","|poke|p1|Weavile, F, shiny|item","|poke|p1|Manectric, F, shiny|item","|poke|p1|Azumarill, F, shiny|item","|poke|p1|Talonflame, M, shiny|item","|poke|p1|Chansey, F|item","|poke|p1|Excadrill, M, shiny|item","|poke|p2|Clefable, M|item","|poke|p2|Weavile, M|item","|poke|p2|Sceptile, M|item","|poke|p2|Hawlucha, F|item","|poke|p2|Dragonite, M|item","|poke|p2|Alakazam, M|item","|rule|Swagger Clause: Swagger is banned","|rule|Baton Pass Clause: Limit one Baton Passer, can't pass Spe and other stats simultaneously","|rule|Sleep Clause Mod: Limit one foe put to sleep","|rule|Species Clause: Limit one of each Pokémon","|rule|OHKO Clause: OHKO moves are banned","|rule|Moody Clause: Moody is banned","|rule|Evasion Moves Clause: Evasion moves are banned","|rule|Endless Battle Clause: Forcing endless battles is banned","|rule|HP Percentage Mod: HP is shown in percentages","|teampreview","|choice|team 4, team 1, team 2, team 3, team 5, team 6|team 4, team 2, team 3, team 1, team 5, team 6","|","|start","|switch|p1a: Bird|Talonflame, M, shiny|360/360","|switch|p2a: Hawlucha|Hawlucha, F|297/297","|turn|1","|choice|move bravebird 1|move swordsdance","|","|move|p1a: Bird|Brave Bird|p2a: Hawlucha","|-supereffective|p2a: Hawlucha","|-damage|p2a: Hawlucha|0 fnt","|-damage|p1a: Bird|262/360|[from] recoil|[of] p2a: Hawlucha","|-damage|p1a: Bird|226/360|[from] item: Life Orb","|faint|p2a: Hawlucha","|","|choice||switch 2","|","|switch|p2a: Weavile|Weavile, M|281/281","|-ability|p2a: Weavile|Pressure","|turn|2","|choice|move flareblitz 1|move fakeout","|","|move|p2a: Weavile|Fake Out|p1a: Bird","|-damage|p1a: Bird|170/360","|cant|p1a: Bird|flinch","|","|turn|3","|choice|move bravebird 1|move knockoff","|","|move|p1a: Bird|Brave Bird|p2a: Weavile","|-enditem|p2a: Weavile|Focus Sash","|-damage|p2a: Weavile|1/281","|-damage|p1a: Bird|78/360|[from] recoil|[of] p2a: Weavile","|-damage|p1a: Bird|42/360|[from] item: Life Orb","|move|p2a: Weavile|Knock Off|p1a: Bird","|-damage|p1a: Bird|0 fnt","|-enditem|p1a: Bird|Life Orb|[from] move: Knock Off|[of] p2a: Weavile","|faint|p1a: Bird","|","|choice|switch 4|","|","|switch|p1a: Fatty|Azumarill, F, shiny|342/342","|turn|4","|choice|move aquajet 1|move knockoff","|","|move|p1a: Fatty|Aqua Jet|p2a: Weavile","|-crit|p2a: Weavile","|-damage|p2a: Weavile|0 fnt","|faint|p2a: Weavile","|","|choice||switch 6","|","|switch|p2a: Alakazam|Alakazam, M|251/251","|turn|5","|choice|switch 2|move energyball","|","|switch|p1a: Pinky|Weavile, F, shiny|281/281","|-ability|p1a: Pinky|Pressure","|move|p2a: Alakazam|Energy Ball|p1a: Pinky","|-damage|p1a: Pinky|116/281","|","|turn|6","|choice|move iciclecrash 1|move energyball","|","|move|p1a: Pinky|Icicle Crash|p2a: Alakazam","|-damage|p2a: Alakazam|0 fnt","|-damage|p1a: Pinky|88/281|[from] item: Life Orb","|faint|p2a: Alakazam","|","|choice||switch 5","|","|switch|p2a: Dragonite|Dragonite, M|323/323","|turn|7","|choice|move iceshard 1|move dragondance","|","|move|p1a: Pinky|Ice Shard|p2a: Dragonite","|-supereffective|p2a: Dragonite","|-damage|p2a: Dragonite|183/323","|-enditem|p2a: Dragonite|Weakness Policy","|-boost|p2a: Dragonite|atk|2","|-boost|p2a: Dragonite|spa|2","|-damage|p1a: Pinky|60/281|[from] item: Life Orb","|move|p2a: Dragonite|Dragon Dance|p2a: Dragonite","|-boost|p2a: Dragonite|atk|1","|-boost|p2a: Dragonite|spe|1","|","|turn|8","|choice|move iceshard 1|move extremespeed","|","|move|p2a: Dragonite|Extreme Speed|p1a: Pinky","|-damage|p1a: Pinky|0 fnt","|faint|p1a: Pinky","|","|choice|switch 2|","|","|switch|p1a: Fatty|Azumarill, F, shiny|342/342","|turn|9","|choice|move playrough 1|move brickbreak","|","|move|p2a: Dragonite|Brick Break|p1a: Fatty","|-resisted|p1a: Fatty","|-damage|p1a: Fatty|224/342","|move|p1a: Fatty|Play Rough|p2a: Dragonite","|-supereffective|p2a: Dragonite","|-damage|p2a: Dragonite|0 fnt","|faint|p2a: Dragonite","|","|choice||switch 3","|","|switch|p2a: Sceptile|Sceptile, M|281/281","|turn|10","|choice|move playrough 1|move energyball mega","|","|detailschange|p2a: Sceptile|Sceptile-Mega, M","|-mega|p2a: Sceptile|Sceptile|Sceptilite","|move|p2a: Sceptile|Energy Ball|p1a: Fatty","|-supereffective|p1a: Fatty","|-damage|p1a: Fatty|0 fnt","|faint|p1a: Fatty","|","|choice|switch 6|","|","|switch|p1a: Horned|Excadrill, M, shiny|361/361","|-ability|p1a: Horned|Mold Breaker","|turn|11","|choice|move earthquake|move focusblast","|","|move|p2a: Sceptile|Focus Blast|p1a: Horned","|-supereffective|p1a: Horned","|-damage|p1a: Horned|0 fnt","|faint|p1a: Horned","|","|choice|switch 3|","|","|switch|p1a: Dog|Manectric, F, shiny|281/281","|turn|12","|choice|move hiddenpower 1 mega|move energyball","|","|detailschange|p1a: Dog|Manectric-Mega, F, shiny","|-mega|p1a: Dog|Manectric|Manectite","|-ability|p1a: Dog|Intimidate|boost","|-unboost|p2a: Sceptile|atk|1","|move|p2a: Sceptile|Energy Ball|p1a: Dog","|-damage|p1a: Dog|65/281","|-unboost|p1a: Dog|spd|1","|move|p1a: Dog|Hidden Power|p2a: Sceptile","|-supereffective|p2a: Sceptile","|-damage|p2a: Sceptile|0 fnt","|faint|p2a: Sceptile","|","|choice||switch 4","|","|switch|p2a: Clefable|Clefable, M|332/332","|turn|13","|choice|move voltswitch 1|move cosmicpower","|","|move|p1a: Dog|Volt Switch|p2a: Clefable","|-damage|p2a: Clefable|232/332","|choice|switch 5|","|","|switch|p1a: Super Fatty|Chansey, F|703/703","|move|p2a: Clefable|Cosmic Power|p2a: Clefable","|-boost|p2a: Clefable|def|1","|-boost|p2a: Clefable|spd|1","|","|-heal|p2a: Clefable|252/332|[from] item: Leftovers","|turn|14","|choice|switch 5|move cosmicpower","|","|switch|p1a: Dog|Manectric-Mega, F, shiny|65/281","|-ability|p1a: Dog|Intimidate|boost","|-unboost|p2a: Clefable|atk|1","|move|p2a: Clefable|Cosmic Power|p2a: Clefable","|-boost|p2a: Clefable|def|1","|-boost|p2a: Clefable|spd|1","|","|-heal|p2a: Clefable|272/332|[from] item: Leftovers","|turn|15","|choice|move overheat 1|move cosmicpower","|","|move|p1a: Dog|Overheat|p2a: Clefable","|-damage|p2a: Clefable|205/332","|-unboost|p1a: Dog|spa|2","|move|p2a: Clefable|Cosmic Power|p2a: Clefable","|-boost|p2a: Clefable|def|1","|-boost|p2a: Clefable|spd|1","|","|-heal|p2a: Clefable|225/332|[from] item: Leftovers","|turn|16","|choice|switch 5|move cosmicpower","|","|switch|p1a: Super Fatty|Chansey, F|703/703","|move|p2a: Clefable|Cosmic Power|p2a: Clefable","|-boost|p2a: Clefable|def|1","|-boost|p2a: Clefable|spd|1","|","|-heal|p2a: Clefable|245/332|[from] item: Leftovers","|turn|17","|choice|move thunderwave 1|move cosmicpower","|","|move|p2a: Clefable|Cosmic Power|p2a: Clefable","|-boost|p2a: Clefable|def|1","|-boost|p2a: Clefable|spd|1","|move|p1a: Super Fatty|Thunder Wave|p2a: Clefable","|-status|p2a: Clefable|par","|","|-heal|p2a: Clefable|265/332 par|[from] item: Leftovers","|turn|18","|choice|move wish|move cosmicpower","|","|move|p1a: Super Fatty|Wish|p1a: Super Fatty","|move|p2a: Clefable|Cosmic Power|p2a: Clefable","|-boost|p2a: Clefable|def|1","|-boost|p2a: Clefable|spd|1","|","|-heal|p2a: Clefable|285/332 par|[from] item: Leftovers","|turn|19","|choice|move seismictoss 1|move storedpower","|","|move|p1a: Super Fatty|Seismic Toss|p2a: Clefable","|-damage|p2a: Clefable|185/332 par","|move|p2a: Clefable|Stored Power|p1a: Super Fatty","|-damage|p1a: Super Fatty|608/703","|","|-heal|p1a: Super Fatty|703/703|[from] move: Wish|[wisher] Super Fatty","|-heal|p2a: Clefable|205/332 par|[from] item: Leftovers","|turn|20","|choice|move wish|move cosmicpower","|","|move|p1a: Super Fatty|Wish|p1a: Super Fatty","|move|p2a: Clefable|Cosmic Power|p2a: Clefable","|-boost|p2a: Clefable|def|0","|-boost|p2a: Clefable|spd|0","|","|-heal|p2a: Clefable|225/332 par|[from] item: Leftovers","|turn|21","|choice|move seismictoss 1|move cosmicpower","|","|move|p1a: Super Fatty|Seismic Toss|p2a: Clefable","|-damage|p2a: Clefable|125/332 par","|move|p2a: Clefable|Cosmic Power|p2a: Clefable","|-boost|p2a: Clefable|def|0","|-boost|p2a: Clefable|spd|0","|","|-heal|p2a: Clefable|145/332 par|[from] item: Leftovers","|turn|22","|choice|move seismictoss 1|move softboiled","|","|move|p1a: Super Fatty|Seismic Toss|p2a: Clefable","|-damage|p2a: Clefable|45/332 par","|move|p2a: Clefable|Soft-Boiled|p2a: Clefable","|-heal|p2a: Clefable|211/332 par","|","|-heal|p2a: Clefable|231/332 par|[from] item: Leftovers","|turn|23","|choice|move wish|move cosmicpower","|","|move|p1a: Super Fatty|Wish|p1a: Super Fatty","|move|p2a: Clefable|Cosmic Power|p2a: Clefable","|-boost|p2a: Clefable|def|0","|-boost|p2a: Clefable|spd|0","|","|-heal|p2a: Clefable|251/332 par|[from] item: Leftovers","|turn|24","|choice|move seismictoss 1|move cosmicpower","|","|move|p1a: Super Fatty|Seismic Toss|p2a: Clefable","|-damage|p2a: Clefable|151/332 par","|move|p2a: Clefable|Cosmic Power|p2a: Clefable","|-boost|p2a: Clefable|def|0","|-boost|p2a: Clefable|spd|0","|","|-heal|p2a: Clefable|171/332 par|[from] item: Leftovers","|turn|25","|choice|move wish|move cosmicpower","|","|move|p1a: Super Fatty|Wish|p1a: Super Fatty","|move|p2a: Clefable|Cosmic Power|p2a: Clefable","|-boost|p2a: Clefable|def|0","|-boost|p2a: Clefable|spd|0","|","|-heal|p2a: Clefable|191/332 par|[from] item: Leftovers","|turn|26","|choice|move seismictoss 1|move cosmicpower","|","|move|p1a: Super Fatty|Seismic Toss|p2a: Clefable","|-damage|p2a: Clefable|91/332 par","|move|p2a: Clefable|Cosmic Power|p2a: Clefable","|-boost|p2a: Clefable|def|0","|-boost|p2a: Clefable|spd|0","|","|-heal|p2a: Clefable|111/332 par|[from] item: Leftovers","|turn|27","|choice|move wish|move softboiled","|","|move|p1a: Super Fatty|Wish|p1a: Super Fatty","|move|p2a: Clefable|Soft-Boiled|p2a: Clefable","|-heal|p2a: Clefable|277/332 par","|","|-heal|p2a: Clefable|297/332 par|[from] item: Leftovers","|turn|28","|choice|move seismictoss 1|move cosmicpower","|","|move|p1a: Super Fatty|Seismic Toss|p2a: Clefable","|-damage|p2a: Clefable|197/332 par","|move|p2a: Clefable|Cosmic Power|p2a: Clefable","|-boost|p2a: Clefable|def|0","|-boost|p2a: Clefable|spd|0","|","|-heal|p2a: Clefable|217/332 par|[from] item: Leftovers","|turn|29","|choice|move wish|move cosmicpower","|","|move|p1a: Super Fatty|Wish|p1a: Super Fatty","|move|p2a: Clefable|Cosmic Power|p2a: Clefable","|-boost|p2a: Clefable|def|0","|-boost|p2a: Clefable|spd|0","|","|-heal|p2a: Clefable|237/332 par|[from] item: Leftovers","|turn|30","|choice|move seismictoss 1|move cosmicpower","|","|move|p1a: Super Fatty|Seismic Toss|p2a: Clefable","|-damage|p2a: Clefable|137/332 par","|move|p2a: Clefable|Cosmic Power|p2a: Clefable","|-boost|p2a: Clefable|def|0","|-boost|p2a: Clefable|spd|0","|","|-heal|p2a: Clefable|157/332 par|[from] item: Leftovers","|turn|31","|choice|move seismictoss 1|move softboiled","|","|move|p1a: Super Fatty|Seismic Toss|p2a: Clefable","|-damage|p2a: Clefable|57/332 par","|cant|p2a: Clefable|par","|","|-heal|p2a: Clefable|77/332 par|[from] item: Leftovers","|turn|32","|choice|move seismictoss 1|move softboiled","|","|move|p1a: Super Fatty|Seismic Toss|p2a: Clefable","|-damage|p2a: Clefable|0 fnt","|faint|p2a: Clefable","|","|win|FlareonDriod"],"p1rating":1302.8504046550145,"p2rating":1192.816161986678,"endType":"normal"}