{"seed":[58874,17191,39958,668],"turns":31,"p1":"BatterBotto","p2":"FlareonDriod","p1team":[{"name":"Seismitoad","species":"Seismitoad","item":"leftovers","ability":"Water Absorb","moves":["stealthrock","scald","earthpower","toxic"],"nature":"Bold","evs":{"hp":248,"atk":0,"def":240,"spa":0,"spd":20,"spe":0},"gender":"M","ivs":{"hp":31,"atk":0,"def":31,"spa":31,"spd":31,"spe":31}},{"name":"Skarmory","species":"Skarmory","item":"rockyhelmet","ability":"Sturdy","moves":["spikes","ironhead","roost","whirlwind"],"nature":"Impish","evs":{"hp":248,"atk":0,"def":0,"spa":0,"spd":236,"spe":24},"gender":"F","ivs":{"hp":31,"atk":31,"def":31,"spa":31,"spd":31,"spe":31}},{"name":"Clefable","species":"Clefable","item":"leftovers","ability":"Magic Guard","moves":["calmmind","moonblast","flamethrower","softboiled"],"nature":"Calm","evs":{"hp":252,"atk":0,"def":160,"spa":0,"spd":96,"spe":0},"gender":"F","ivs":{"hp":31,"atk":0,"def":31,"spa":31,"spd":31,"spe":31}},{"name":"Tyranitar","species":"Tyranitar","item":"choiceband","ability":"Sand Stream","moves":["pursuit","stoneedge","crunch","icepunch"],"nature":"Adamant","evs":{"hp":56,"atk":252,"def":4,"spa":0,"spd":0,"spe":196},"gender":"M","ivs":{"hp":31,"atk":31,"def":31,"spa":31,"spd":31,"spe":31}},{"name":"Gengar","species":"Gengar","item":"choicescarf","ability":"Levitate","moves":["shadowball","sludgewave","focusblast","trick"],"nature":"Timid","evs":{"hp":0,"atk":0,"def":0,"spa":252,"spd":4,"spe":252},"gender":"M","ivs":{"hp":31,"atk":0,"def":31,"spa":31,"spd":31,"spe":31},"shiny":true},{"name":"Latias","species":"Latias","item":"latiasite","ability":"Levitate","moves":["thunderbolt","icebeam","roost","thunderwave"],"nature":"Timid","evs":{"hp":248,"atk":0,"def":32,"spa":12,"spd":0,"spe":216},"ivs":{"hp":31,"atk":0,"def":31,"spa":31,"spd":31,"spe":31}}],"p2team":[{"name":"Beedrill","species":"Beedrill","item":"beedrillite","ability":"Swarm","moves":["uturn","poisonjab","drillrun","protect"],"nature":"Jolly","evs":{"hp":0,"atk":252,"def":0,"spa":0,"spd":4,"spe":252},"ivs":{"hp":31,"atk":31,"def":31,"spa":31,"spd":31,"spe":31}},{"name":"Whimsicott","species":"Whimsicott","item":"yacheberry","ability":"Prankster","moves":["gigadrain","moonblast","encore","uturn"],"nature":"Timid","evs":{"hp":0,"atk":0,"def":0,"spa":252,"spd":4,"spe":252},"ivs":{"hp":31,"atk":31,"def":31,"spa":31,"spd":31,"spe":31}},{"name":"Empoleon","species":"Empoleon","item":"leftovers","ability":"Torrent","moves":["scald","icebeam","stealthrock","defog"],"nature":"Calm","evs":{"hp":252,"atk":0,"def":0,"spa":4,"spd":252,"spe":0},"ivs":{"hp":31,"atk":0,"def":31,"spa":31,"spd":31,"spe":31}},{"name":"Reuniclus","species":"Reuniclus","item":"leftovers","ability":"Magic Guard","moves":["calmmind","psyshock","shadowball","recover"],"nature":"Bold","evs":{"hp":252,"atk":0,"def":252,"spa":4,"spd":0,"spe":0},"ivs":{"hp":31,"atk":0,"def":31,"spa":31,"spd":31,"spe":31}},{"name":"Toxicroak","species":"Toxicroak","item":"lifeorb","ability":"Dry Skin","moves":["swordsdance","gunkshot","drainpunch","suckerpunch"],"nature":"Jolly","evs":{"hp":0,"atk":252,"def":0,"spa":0,"spd":4,"spe":252},"ivs":{"hp":31,"atk":31,"def":31,"spa":31,"spd":31,"spe":31}},{"name":"Hydreigon","species":"Hydreigon","item":"choicescarf","ability":"Levitate","moves":["dracometeor","darkpulse","fireblast","uturn"],"nature":"Timid","evs":{"hp":0,"atk":0,"def":0,"spa":252,"spd":4,"spe":252},"ivs":{"hp":31,"atk":31,"def":31,"spa":31,"spd":31,"spe":31}}],"log":["|player|p1|BatterBotto|batterbotto.png","|player|p2|FlareonDriod|flareondriod.png","|gametype|singles","|gen|6","|tier|OU","|rated","|seed|58874,17191,39958,668","|clearpoke","|poke|p1|Seismitoad, M|item","|poke|p1|Skarmory, F|item","|poke|p1|Clefable, F|item","|poke|p1|Tyranitar, M|item","|poke|p1|Gengar, M, shiny|item","|poke|p1|Latias, F|item","|poke|p2|Beedrill, M|item","|poke|p2|Whimsicott, M|item","|poke|p2|Empoleon, F|item","|poke|p2|Reuniclus, F|item","|poke|p2|Toxicroak, F|item","|poke|p2|Hydreigon, M|item","|rule|Swagger Clause: Swagger is banned","|rule|Baton Pass Clause: Limit one Baton Passer, can't pass Spe and other stats simultaneously","|rule|Sleep Clause Mod: Limit one foe put to sleep","|rule|Species Clause: Limit one of each Pokémon","|rule|OHKO Clause: OHKO moves are banned","|rule|Moody Clause: Moody is banned","|rule|Evasion Moves Clause: Evasion moves are banned","|rule|Endless Battle Clause: Forcing endless battles is banned","|rule|HP Percentage Mod: HP is shown in percentages","|teampreview","|choice|team 4, team 1, team 2, team 3, team 5, team 6|team 4, team 1, team 2, team 3, team 5, team 6","|","|start","|switch|p1a: Tyranitar|Tyranitar, M|355/355","|switch|p2a: Reuniclus|Reuniclus, F|424/424","|-weather|Sandstorm|[from] ability: Sand Stream|[of] p1a: Tyranitar","|turn|1","|choice|move crunch 1|switch 5","|","|switch|p2a: Toxicroak|Toxicroak, F|307/307","|move|p1a: Tyranitar|Crunch|p2a: Toxicroak","|-resisted|p2a: Toxicroak","|-damage|p2a: Toxicroak|145/307","|","|-weather|Sandstorm|[upkeep]","|-damage|p2a: Toxicroak|126/307|[from] sandstorm","|turn|2","|choice|move crunch 1|move drainpunch 1","|","|move|p2a: Toxicroak|Drain Punch|p1a: Tyranitar","|-supereffective|p1a: Tyranitar","|-damage|p1a: Tyranitar|0 fnt","|-heal|p2a: Toxicroak|304/307|[from] drain|[of] p1a: Tyranitar","|-damage|p2a: Toxicroak|274/307|[from] item: Life Orb","|faint|p1a: Tyranitar","|","|-weather|Sandstorm|[upkeep]","|-damage|p2a: Toxicroak|255/307|[from] sandstorm","|choice|switch 5|","|","|switch|p1a: Gengar|Gengar, M, shiny|261/261","|turn|3","|choice|move shadowball 1|move suckerpunch 1","|","|move|p2a: Toxicroak|Sucker Punch|p1a: Gengar","|-supereffective|p1a: Gengar","|-damage|p1a: Gengar|0 fnt","|-damage|p2a: Toxicroak|225/307|[from] item: Life Orb","|faint|p1a: Gengar","|","|-weather|Sandstorm|[upkeep]","|-damage|p2a: Toxicroak|206/307|[from] sandstorm","|choice|switch 3|","|","|switch|p1a: Skarmory|Skarmory, F|333/333","|turn|4","|choice|move spikes|move suckerpunch 1","|","|move|p2a: Toxicroak|Sucker Punch|p1a: Skarmory|[still]","|-fail|p2a: Toxicroak","|move|p1a: Skarmory|Spikes|p2a: Toxicroak","|-sidestart|p2: FlareonDriod|Spikes","|","|-weather|Sandstorm|[upkeep]","|-damage|p2a: Toxicroak|187/307|[from] sandstorm","|turn|5","|choice|move ironhead 1|move suckerpunch 1","|","|move|p2a: Toxicroak|Sucker Punch|p1a: Skarmory","|-damage|p1a: Skarmory|252/333","|-damage|p2a: Toxicroak|136/307|[from] item: Rocky Helmet|[of] p1a: Skarmory","|-damage|p2a: Toxicroak|106/307|[from] item: Life Orb","|move|p1a: Skarmory|Iron Head|p2a: Toxicroak","|-damage|p2a: Toxicroak|1/307","|","|-weather|none","|turn|6","|choice|move ironhead 1|move drainpunch 1","|","|move|p2a: Toxicroak|Drain Punch|p1a: Skarmory","|-damage|p1a: Skarmory|139/333","|-heal|p2a: Toxicroak|58/307|[from] drain|[of] p1a: Skarmory","|-damage|p2a: Toxicroak|7/307|[from] item: Rocky Helmet|[of] p1a: Skarmory","|-damage|p2a: Toxicroak|0 fnt|[from] item: Life Orb","|faint|p2a: Toxicroak","|move|p1a: Skarmory|Iron Head|p2: Toxicroak|[notarget]","|-notarget","|","|choice||switch 4","|","|switch|p2a: Empoleon|Empoleon, F|372/372","|-damage|p2a: Empoleon|326/372|[from] Spikes","|turn|7","|choice|switch 2|move defog 1","|","|switch|p1a: Seismitoad|Seismitoad, M|413/413","|move|p2a: Empoleon|Defog|p1a: Seismitoad","|-unboost|p1a: Seismitoad|evasion|1","|-sideend|p2: FlareonDriod|Spikes|[from] move: Defog|[of] p2a: Empoleon","|","|-heal|p2a: Empoleon|349/372|[from] item: Leftovers","|turn|8","|choice|move stealthrock|switch 3","|","|switch|p2a: Whimsicott|Whimsicott, M|261/261","|move|p1a: Seismitoad|Stealth Rock|p2a: Whimsicott","|-sidestart|p2: FlareonDriod|move: Stealth Rock","|","|turn|9","|choice|switch 2|move gigadrain 1","|","|switch|p1a: Skarmory|Skarmory, F|139/333","|move|p2a: Whimsicott|Giga Drain|p1a: Skarmory","|-resisted|p1a: Skarmory","|-damage|p1a: Skarmory|114/333","|","|turn|10","|choice|move ironhead 1|move moonblast 1","|","|move|p2a: Whimsicott|Moonblast|p1a: Skarmory","|-resisted|p1a: Skarmory","|-damage|p1a: Skarmory|53/333","|move|p1a: Skarmory|Iron Head|p2a: Whimsicott","|-supereffective|p2a: Whimsicott","|-damage|p2a: Whimsicott|67/261","|","|turn|11","|choice|move ironhead 1|move moonblast 1","|","|move|p2a: Whimsicott|Moonblast|p1a: Skarmory","|-resisted|p1a: Skarmory","|-damage|p1a: Skarmory|0 fnt","|faint|p1a: Skarmory","|","|choice|switch 4|","|","|switch|p1a: Clefable|Clefable, F|394/394","|turn|12","|choice|move moonblast 1|switch 2","|","|switch|p2a: Beedrill|Beedrill, M|271/271","|-damage|p2a: Beedrill|204/271|[from] Stealth Rock","|move|p1a: Clefable|Moonblast|p2a: Beedrill","|-resisted|p2a: Beedrill","|-damage|p2a: Beedrill|136/271","|","|turn|13","|choice|move flamethrower 1|move poisonjab 1 mega","|","|detailschange|p2a: Beedrill|Beedrill-Mega, M","|-mega|p2a: Beedrill|Beedrill|Beedrillite","|move|p2a: Beedrill|Poison Jab|p1a: Clefable","|-supereffective|p1a: Clefable","|-damage|p1a: Clefable|0 fnt","|faint|p1a: Clefable","|","|choice|switch 2|","|","|switch|p1a: Seismitoad|Seismitoad, M|413/413","|turn|14","|choice|move earthpower 1|move uturn 1","|","|move|p2a: Beedrill|U-turn|p1a: Seismitoad","|-damage|p1a: Seismitoad|253/413","|choice||switch 2","|","|switch|p2a: Whimsicott|Whimsicott, M|67/261","|-damage|p2a: Whimsicott|35/261|[from] Stealth Rock","|move|p1a: Seismitoad|Earth Power|p2a: Whimsicott","|-resisted|p2a: Whimsicott","|-damage|p2a: Whimsicott|0 fnt","|faint|p2a: Whimsicott","|","|-heal|p1a: Seismitoad|278/413|[from] item: Leftovers","|choice||switch 6","|","|switch|p2a: Hydreigon|Hydreigon, M|325/325","|-damage|p2a: Hydreigon|285/325|[from] Stealth Rock","|turn|15","|choice|move scald 1|move dracometeor 1","|","|move|p2a: Hydreigon|Draco Meteor|p1a: Seismitoad|[miss]","|-miss|p2a: Hydreigon|p1a: Seismitoad","|move|p1a: Seismitoad|Scald|p2a: Hydreigon","|-resisted|p2a: Hydreigon","|-damage|p2a: Hydreigon|238/325","|","|-heal|p1a: Seismitoad|303/413|[from] item: Leftovers","|turn|16","|choice|move toxic 1|move dracometeor 1","|","|move|p2a: Hydreigon|Draco Meteor|p1a: Seismitoad","|-damage|p1a: Seismitoad|27/413","|-unboost|p2a: Hydreigon|spa|2","|move|p1a: Seismitoad|Toxic|p2a: Hydreigon","|-status|p2a: Hydreigon|tox","|","|-heal|p1a: Seismitoad|52/413|[from] item: Leftovers","|-damage|p2a: Hydreigon|218/325 tox|[from] psn","|turn|17","|choice|move scald 1|move dracometeor 1","|","|move|p2a: Hydreigon|Draco Meteor|p1a: Seismitoad","|-crit|p1a: Seismitoad","|-damage|p1a: Seismitoad|0 fnt","|-unboost|p2a: Hydreigon|spa|2","|faint|p1a: Seismitoad","|","|-damage|p2a: Hydreigon|178/325 tox|[from] psn","|choice|switch 6|","|","|switch|p1a: Latias|Latias, F|363/363","|turn|18","|choice|move icebeam 1 mega|move dracometeor 1","|","|detailschange|p1a: Latias|Latias-Mega, F","|-mega|p1a: Latias|Latias|Latiasite","|move|p2a: Hydreigon|Draco Meteor|p1a: Latias","|-supereffective|p1a: Latias","|-damage|p1a: Latias|253/363","|-unboost|p2a: Hydreigon|spa|2","|move|p1a: Latias|Ice Beam|p2a: Hydreigon","|-supereffective|p2a: Hydreigon","|-damage|p2a: Hydreigon|0 fnt","|faint|p2a: Hydreigon","|","|choice||switch 3","|","|switch|p2a: Empoleon|Empoleon, F|349/372","|-damage|p2a: Empoleon|326/372|[from] Stealth Rock","|turn|19","|choice|move roost|move defog 1","|","|move|p1a: Latias|Roost|p1a: Latias","|-heal|p1a: Latias|363/363","|move|p2a: Empoleon|Defog|p1a: Latias","|-unboost|p1a: Latias|evasion|1","|-sideend|p2: FlareonDriod|Stealth Rock|[from] move: Defog|[of] p2a: Empoleon","|","|-heal|p2a: Empoleon|349/372|[from] item: Leftovers","|turn|20","|choice|move thunderbolt 1|move icebeam 1","|","|move|p1a: Latias|Thunderbolt|p2a: Empoleon","|-supereffective|p2a: Empoleon","|-damage|p2a: Empoleon|223/372","|move|p2a: Empoleon|Ice Beam|p1a: Latias","|-supereffective|p1a: Latias","|-crit|p1a: Latias","|-damage|p1a: Latias|201/363","|","|-heal|p2a: Empoleon|246/372|[from] item: Leftovers","|turn|21","|choice|move roost|move icebeam 1","|","|move|p1a: Latias|Roost|p1a: Latias","|-heal|p1a: Latias|363/363","|move|p2a: Empoleon|Ice Beam|p1a: Latias","|-supereffective|p1a: Latias","|-damage|p1a: Latias|249/363","|","|-heal|p2a: Empoleon|269/372|[from] item: Leftovers","|turn|22","|choice|move thunderwave 1|move icebeam 1","|","|move|p1a: Latias|Thunder Wave|p2a: Empoleon","|-status|p2a: Empoleon|par","|move|p2a: Empoleon|Ice Beam|p1a: Latias","|-supereffective|p1a: Latias","|-damage|p1a: Latias|139/363","|","|-heal|p2a: Empoleon|292/372 par|[from] item: Leftovers","|turn|23","|choice|move thunderbolt 1|move icebeam 1","|","|move|p1a: Latias|Thunderbolt|p2a: Empoleon","|-supereffective|p2a: Empoleon","|-damage|p2a: Empoleon|150/372 par","|cant|p2a: Empoleon|par","|","|-heal|p2a: Empoleon|173/372 par|[from] item: Leftovers","|turn|24","|choice|move thunderbolt 1|move icebeam 1","|","|move|p1a: Latias|Thunderbolt|p2a: Empoleon","|-supereffective|p2a: Empoleon","|-damage|p2a: Empoleon|39/372 par","|move|p2a: Empoleon|Ice Beam|p1a: Latias","|-supereffective|p1a: Latias","|-damage|p1a: Latias|29/363","|","|-heal|p2a: Empoleon|62/372 par|[from] item: Leftovers","|turn|25","|choice|move thunderbolt 1|move scald 1","|","|move|p1a: Latias|Thunderbolt|p2a: Empoleon","|-supereffective|p2a: Empoleon","|-damage|p2a: Empoleon|0 fnt","|faint|p2a: Empoleon","|","|choice||switch 5","|","|switch|p2a: Reuniclus|Reuniclus, F|424/424","|turn|26","|choice|move roost|move psyshock 1","|","|move|p1a: Latias|Roost|p1a: Latias","|-heal|p1a: Latias|211/363","|move|p2a: Reuniclus|Psyshock|p1a: Latias","|-resisted|p1a: Latias","|-damage|p1a: Latias|163/363","|","|turn|27","|choice|move thunderwave 1|move shadowball 1","|","|move|p1a: Latias|Thunder Wave|p2a: Reuniclus","|-status|p2a: Reuniclus|par","|cant|p2a: Reuniclus|par","|","|turn|28","|choice|move icebeam 1|move shadowball 1","|","|move|p1a: Latias|Ice Beam|p2a: Reuniclus","|-damage|p2a: Reuniclus|322/424 par","|move|p2a: Reuniclus|Shadow Ball|p1a: Latias","|-supereffective|p1a: Latias","|-damage|p1a: Latias|63/363","|","|-heal|p2a: Reuniclus|348/424 par|[from] item: Leftovers","|turn|29","|choice|move icebeam 1|move psyshock 1","|","|move|p1a: Latias|Ice Beam|p2a: Reuniclus","|-damage|p2a: Reuniclus|235/424 par","|move|p2a: Reuniclus|Psyshock|p1a: Latias","|-resisted|p1a: Latias","|-damage|p1a: Latias|14/363","|","|-heal|p2a: Reuniclus|261/424 par|[from] item: Leftovers","|turn|30","|choice|move icebeam 1|move shadowball 1","|","|move|p1a: Latias|Ice Beam|p2a: Reuniclus","|-damage|p2a: Reuniclus|147/424 par","|cant|p2a: Reuniclus|par","|","|-heal|p2a: Reuniclus|173/424 par|[from] item: Leftovers","|turn|31","|choice|move thunderbolt 1|move shadowball 1","|","|move|p1a: Latias|Thunderbolt|p2a: Reuniclus","|-damage|p2a: Reuniclus|66/424 par","|move|p2a: Reuniclus|Shadow Ball|p1a: Latias","|-supereffective|p1a: Latias","|-damage|p1a: Latias|0 fnt","|faint|p1a: Latias","|","|win|FlareonDriod"],"p1rating":1160.4189452581195,"p2rating":1172.0481532108463,"endType":"normal"}