{"seed":[27073,44451,57951,22572],"turns":55,"p1":"FlareonDriod","p2":"BatterBotto","p1team":[{"name":"Beedrill","species":"Beedrill","item":"beedrillite","ability":"Swarm","moves":["uturn","poisonjab","drillrun","protect"],"nature":"Jolly","evs":{"hp":0,"atk":252,"def":0,"spa":0,"spd":4,"spe":252},"ivs":{"hp":31,"atk":31,"def":31,"spa":31,"spd":31,"spe":31}},{"name":"Whimsicott","species":"Whimsicott","item":"yacheberry","ability":"Prankster","moves":["gigadrain","moonblast","encore","uturn"],"nature":"Timid","evs":{"hp":0,"atk":0,"def":0,"spa":252,"spd":4,"spe":252},"ivs":{"hp":31,"atk":31,"def":31,"spa":31,"spd":31,"spe":31}},{"name":"Empoleon","species":"Empoleon","item":"leftovers","ability":"Torrent","moves":["scald","icebeam","stealthrock","defog"],"nature":"Calm","evs":{"hp":252,"atk":0,"def":0,"spa":4,"spd":252,"spe":0},"ivs":{"hp":31,"atk":0,"def":31,"spa":31,"spd":31,"spe":31}},{"name":"Reuniclus","species":"Reuniclus","item":"leftovers","ability":"Magic Guard","moves":["calmmind","psyshock","shadowball","recover"],"nature":"Bold","evs":{"hp":252,"atk":0,"def":252,"spa":4,"spd":0,"spe":0},"ivs":{"hp":31,"atk":0,"def":31,"spa":31,"spd":31,"spe":31}},{"name":"Toxicroak","species":"Toxicroak","item":"lifeorb","ability":"Dry Skin","moves":["swordsdance","gunkshot","drainpunch","suckerpunch"],"nature":"Jolly","evs":{"hp":0,"atk":252,"def":0,"spa":0,"spd":4,"spe":252},"ivs":{"hp":31,"atk":31,"def":31,"spa":31,"spd":31,"spe":31}},{"name":"Hydreigon","species":"Hydreigon","item":"choicescarf","ability":"Levitate","moves":["dracometeor","darkpulse","fireblast","uturn"],"nature":"Timid","evs":{"hp":0,"atk":0,"def":0,"spa":252,"spd":4,"spe":252},"ivs":{"hp":31,"atk":31,"def":31,"spa":31,"spd":31,"spe":31}}],"p2team":[{"name":"Seismitoad","species":"Seismitoad","item":"leftovers","ability":"Water Absorb","moves":["stealthrock","scald","earthpower","toxic"],"nature":"Bold","evs":{"hp":248,"atk":0,"def":240,"spa":0,"spd":20,"spe":0},"gender":"M","ivs":{"hp":31,"atk":0,"def":31,"spa":31,"spd":31,"spe":31}},{"name":"Skarmory","species":"Skarmory","item":"rockyhelmet","ability":"Sturdy","moves":["spikes","ironhead","roost","whirlwind"],"nature":"Impish","evs":{"hp":248,"atk":0,"def":0,"spa":0,"spd":236,"spe":24},"gender":"F","ivs":{"hp":31,"atk":31,"def":31,"spa":31,"spd":31,"spe":31}},{"name":"Clefable","species":"Clefable","item":"leftovers","ability":"Magic Guard","moves":["calmmind","moonblast","flamethrower","softboiled"],"nature":"Calm","evs":{"hp":252,"atk":0,"def":160,"spa":0,"spd":96,"spe":0},"gender":"F","ivs":{"hp":31,"atk":0,"def":31,"spa":31,"spd":31,"spe":31}},{"name":"Tyranitar","species":"Tyranitar","item":"choiceband","ability":"Sand Stream","moves":["pursuit","stoneedge","crunch","icepunch"],"nature":"Adamant","evs":{"hp":56,"atk":252,"def":4,"spa":0,"spd":0,"spe":196},"gender":"M","ivs":{"hp":31,"atk":31,"def":31,"spa":31,"spd":31,"spe":31}},{"name":"Gengar","species":"Gengar","item":"choicescarf","ability":"Levitate","moves":["shadowball","sludgewave","focusblast","trick"],"nature":"Timid","evs":{"hp":0,"atk":0,"def":0,"spa":252,"spd":4,"spe":252},"gender":"M","ivs":{"hp":31,"atk":0,"def":31,"spa":31,"spd":31,"spe":31},"shiny":true},{"name":"Latias","species":"Latias","item":"latiasite","ability":"Levitate","moves":["thunderbolt","icebeam","roost","thunderwave"],"nature":"Timid","evs":{"hp":248,"atk":0,"def":32,"spa":12,"spd":0,"spe":216},"ivs":{"hp":31,"atk":0,"def":31,"spa":31,"spd":31,"spe":31}}],"log":["|player|p1|FlareonDriod|flareondriod.png","|player|p2|BatterBotto|batterbotto.png","|gametype|singles","|gen|6","|tier|OU","|rated","|seed|27073,44451,57951,22572","|clearpoke","|poke|p1|Beedrill, M|item","|poke|p1|Whimsicott, F|item","|poke|p1|Empoleon, F|item","|poke|p1|Reuniclus, M|item","|poke|p1|Toxicroak, F|item","|poke|p1|Hydreigon, M|item","|poke|p2|Seismitoad, M|item","|poke|p2|Skarmory, F|item","|poke|p2|Clefable, F|item","|poke|p2|Tyranitar, M|item","|poke|p2|Gengar, M, shiny|item","|poke|p2|Latias, F|item","|rule|Swagger Clause: Swagger is banned","|rule|Baton Pass Clause: Limit one Baton Passer, can't pass Spe and other stats simultaneously","|rule|Sleep Clause Mod: Limit one foe put to sleep","|rule|Species Clause: Limit one of each Pokémon","|rule|OHKO Clause: OHKO moves are banned","|rule|Moody Clause: Moody is banned","|rule|Evasion Moves Clause: Evasion moves are banned","|rule|Endless Battle Clause: Forcing endless battles is banned","|rule|HP Percentage Mod: HP is shown in percentages","|teampreview","|choice|team 5, team 1, team 2, team 3, team 4, team 6|team 1, team 2, team 3, team 4, team 5, team 6","|","|start","|switch|p1a: Toxicroak|Toxicroak, F|307/307","|switch|p2a: Seismitoad|Seismitoad, M|413/413","|turn|1","|choice|move drainpunch 1|move earthpower 1","|","|move|p1a: Toxicroak|Drain Punch|p2a: Seismitoad","|-damage|p2a: Seismitoad|292/413","|-damage|p1a: Toxicroak|277/307|[from] item: Life Orb","|move|p2a: Seismitoad|Earth Power|p1a: Toxicroak","|-supereffective|p1a: Toxicroak","|-damage|p1a: Toxicroak|17/307","|","|-heal|p2a: Seismitoad|317/413|[from] item: Leftovers","|turn|2","|choice|move drainpunch 1|move earthpower 1","|","|move|p1a: Toxicroak|Drain Punch|p2a: Seismitoad","|-damage|p2a: Seismitoad|184/413","|-heal|p1a: Toxicroak|84/307|[from] drain|[of] p2a: Seismitoad","|-damage|p1a: Toxicroak|54/307|[from] item: Life Orb","|move|p2a: Seismitoad|Earth Power|p1a: Toxicroak","|-supereffective|p1a: Toxicroak","|-damage|p1a: Toxicroak|0 fnt","|faint|p1a: Toxicroak","|","|-heal|p2a: Seismitoad|209/413|[from] item: Leftovers","|choice|switch 3|","|","|switch|p1a: Whimsicott|Whimsicott, F|261/261","|turn|3","|choice|move gigadrain 1|switch 2","|","|switch|p2a: Skarmory|Skarmory, F|333/333","|move|p1a: Whimsicott|Giga Drain|p2a: Skarmory","|-resisted|p2a: Skarmory","|-damage|p2a: Skarmory|311/333","|","|turn|4","|choice|switch 4|move ironhead 1","|","|switch|p1a: Empoleon|Empoleon, F|372/372","|move|p2a: Skarmory|Iron Head|p1a: Empoleon","|-resisted|p1a: Empoleon","|-damage|p1a: Empoleon|352/372","|","|-heal|p1a: Empoleon|372/372|[from] item: Leftovers","|turn|5","|choice|move stealthrock|switch 2","|","|switch|p2a: Seismitoad|Seismitoad, M|209/413","|move|p1a: Empoleon|Stealth Rock|p2a: Seismitoad","|-sidestart|p2: BatterBotto|move: Stealth Rock","|","|-heal|p2a: Seismitoad|234/413|[from] item: Leftovers","|turn|6","|choice|switch 4|move earthpower 1","|","|switch|p1a: Whimsicott|Whimsicott, F|261/261","|move|p2a: Seismitoad|Earth Power|p1a: Whimsicott","|-resisted|p1a: Whimsicott","|-damage|p1a: Whimsicott|202/261","|","|-heal|p2a: Seismitoad|259/413|[from] item: Leftovers","|turn|7","|choice|move gigadrain 1|switch 2","|","|switch|p2a: Skarmory|Skarmory, F|311/333","|-damage|p2a: Skarmory|270/333|[from] Stealth Rock","|move|p1a: Whimsicott|Giga Drain|p2a: Skarmory","|-resisted|p2a: Skarmory","|-damage|p2a: Skarmory|245/333","|-heal|p1a: Whimsicott|215/261|[from] drain|[of] p2a: Skarmory","|","|turn|8","|choice|switch 4|move spikes","|","|switch|p1a: Empoleon|Empoleon, F|372/372","|move|p2a: Skarmory|Spikes|p1a: Empoleon","|-sidestart|p1: FlareonDriod|Spikes","|","|turn|9","|choice|move defog 1|switch 2","|","|switch|p2a: Seismitoad|Seismitoad, M|259/413","|-damage|p2a: Seismitoad|234/413|[from] Stealth Rock","|move|p1a: Empoleon|Defog|p2a: Seismitoad","|-unboost|p2a: Seismitoad|evasion|1","|-sideend|p2: BatterBotto|Stealth Rock|[from] move: Defog|[of] p2a: Seismitoad","|-sideend|p1: FlareonDriod|Spikes|[from] move: Defog|[of] p1a: Empoleon","|","|-heal|p2a: Seismitoad|259/413|[from] item: Leftovers","|turn|10","|choice|switch 4|move stealthrock","|","|switch|p1a: Whimsicott|Whimsicott, F|215/261","|move|p2a: Seismitoad|Stealth Rock|p1a: Whimsicott","|-sidestart|p1: FlareonDriod|move: Stealth Rock","|","|-heal|p2a: Seismitoad|284/413|[from] item: Leftovers","|turn|11","|choice|move gigadrain 1|switch 2","|","|switch|p2a: Skarmory|Skarmory, F|245/333","|move|p1a: Whimsicott|Giga Drain|p2a: Skarmory","|-resisted|p2a: Skarmory","|-damage|p2a: Skarmory|222/333","|-heal|p1a: Whimsicott|227/261|[from] drain|[of] p2a: Skarmory","|","|turn|12","|choice|switch 4|move spikes","|","|switch|p1a: Empoleon|Empoleon, F|372/372","|-damage|p1a: Empoleon|349/372|[from] Stealth Rock","|move|p2a: Skarmory|Spikes|p1a: Empoleon","|-sidestart|p1: FlareonDriod|Spikes","|","|-heal|p1a: Empoleon|372/372|[from] item: Leftovers","|turn|13","|choice|move scald 1|switch 2","|","|switch|p2a: Seismitoad|Seismitoad, M|284/413","|move|p1a: Empoleon|Scald|p2a: Seismitoad","|-heal|p2a: Seismitoad|387/413|[from] ability: Water Absorb|[of] p1a: Empoleon","|","|-heal|p2a: Seismitoad|412/413|[from] item: Leftovers","|turn|14","|choice|switch 4|move earthpower 1","|","|switch|p1a: Whimsicott|Whimsicott, F|227/261","|-damage|p1a: Whimsicott|195/261|[from] Stealth Rock","|-damage|p1a: Whimsicott|163/261|[from] Spikes","|move|p2a: Seismitoad|Earth Power|p1a: Whimsicott","|-resisted|p1a: Whimsicott","|-damage|p1a: Whimsicott|104/261","|","|-heal|p2a: Seismitoad|413/413|[from] item: Leftovers","|turn|15","|choice|move gigadrain 1|move earthpower 1","|","|move|p1a: Whimsicott|Giga Drain|p2a: Seismitoad","|-supereffective|p2a: Seismitoad","|-damage|p2a: Seismitoad|0 fnt","|-heal|p1a: Whimsicott|261/261|[from] drain|[of] p2a: Seismitoad","|faint|p2a: Seismitoad","|","|choice||switch 2","|","|switch|p2a: Skarmory|Skarmory, F|222/333","|turn|16","|choice|switch 4|move roost","|","|switch|p1a: Empoleon|Empoleon, F|372/372","|-damage|p1a: Empoleon|326/372|[from] Spikes","|-damage|p1a: Empoleon|303/372|[from] Stealth Rock","|move|p2a: Skarmory|Roost|p2a: Skarmory","|-heal|p2a: Skarmory|333/333","|","|-heal|p1a: Empoleon|326/372|[from] item: Leftovers","|turn|17","|choice|move scald 1|switch 6","|","|switch|p2a: Latias|Latias, F|363/363","|move|p1a: Empoleon|Scald|p2a: Latias","|-resisted|p2a: Latias","|-damage|p2a: Latias|324/363","|","|-heal|p1a: Empoleon|349/372|[from] item: Leftovers","|turn|18","|choice|switch 4|move thunderwave 1 mega","|","|switch|p1a: Whimsicott|Whimsicott, F|261/261","|-damage|p1a: Whimsicott|229/261|[from] Spikes","|-damage|p1a: Whimsicott|197/261|[from] Stealth Rock","|detailschange|p2a: Latias|Latias-Mega, F","|-mega|p2a: Latias|Latias|Latiasite","|move|p2a: Latias|Thunder Wave|p1a: Whimsicott","|-status|p1a: Whimsicott|par","|","|turn|19","|choice|move moonblast 1|move icebeam 1","|","|move|p2a: Latias|Ice Beam|p1a: Whimsicott","|-supereffective|p1a: Whimsicott","|-enditem|p1a: Whimsicott|Yache Berry|[eat]","|-enditem|p1a: Whimsicott|Yache Berry|[weaken]","|-damage|p1a: Whimsicott|69/261 par","|move|p1a: Whimsicott|Moonblast|p2a: Latias","|-supereffective|p2a: Latias","|-damage|p2a: Latias|160/363","|","|turn|20","|choice|move moonblast 1|move icebeam 1","|","|move|p2a: Latias|Ice Beam|p1a: Whimsicott","|-supereffective|p1a: Whimsicott","|-damage|p1a: Whimsicott|0 fnt","|faint|p1a: Whimsicott","|","|choice|switch 4|","|","|switch|p1a: Empoleon|Empoleon, F|349/372","|-damage|p1a: Empoleon|326/372|[from] Stealth Rock","|-damage|p1a: Empoleon|280/372|[from] Spikes","|turn|21","|choice|move icebeam 1|move thunderwave 1","|","|move|p2a: Latias|Thunder Wave|p1a: Empoleon","|-status|p1a: Empoleon|par","|move|p1a: Empoleon|Ice Beam|p2a: Latias","|-supereffective|p2a: Latias","|-damage|p2a: Latias|50/363","|-status|p2a: Latias|frz","|","|-heal|p1a: Empoleon|303/372 par|[from] item: Leftovers","|turn|22","|choice|move icebeam 1|move roost","|","|-curestatus|p2a: Latias|frz|[msg]","|move|p2a: Latias|Roost|p2a: Latias","|-heal|p2a: Latias|232/363","|move|p1a: Empoleon|Ice Beam|p2a: Latias","|-supereffective|p2a: Latias","|-damage|p2a: Latias|130/363","|","|-heal|p1a: Empoleon|326/372 par|[from] item: Leftovers","|turn|23","|choice|move icebeam 1|move thunderbolt 1","|","|move|p2a: Latias|Thunderbolt|p1a: Empoleon","|-supereffective|p1a: Empoleon","|-damage|p1a: Empoleon|202/372 par","|cant|p1a: Empoleon|par","|","|-heal|p1a: Empoleon|225/372 par|[from] item: Leftovers","|turn|24","|choice|move icebeam 1|move thunderbolt 1","|","|move|p2a: Latias|Thunderbolt|p1a: Empoleon","|-supereffective|p1a: Empoleon","|-damage|p1a: Empoleon|99/372 par","|cant|p1a: Empoleon|par","|","|-heal|p1a: Empoleon|122/372 par|[from] item: Leftovers","|turn|25","|choice|move icebeam 1|move thunderbolt 1","|","|move|p2a: Latias|Thunderbolt|p1a: Empoleon","|-supereffective|p1a: Empoleon","|-damage|p1a: Empoleon|0 fnt","|faint|p1a: Empoleon","|","|choice|switch 5|","|","|switch|p1a: Reuniclus|Reuniclus, M|424/424","|turn|26","|choice|move shadowball 1|switch 4","|","|switch|p2a: Tyranitar|Tyranitar, M|355/355","|-weather|Sandstorm|[from] ability: Sand Stream|[of] p2a: Tyranitar","|move|p1a: Reuniclus|Shadow Ball|p2a: Tyranitar","|-resisted|p2a: Tyranitar","|-damage|p2a: Tyranitar|331/355","|","|-weather|Sandstorm|[upkeep]","|turn|27","|choice|switch 6|move crunch 1","|","|switch|p1a: Hydreigon|Hydreigon, M|325/325","|-damage|p1a: Hydreigon|285/325|[from] Stealth Rock","|move|p2a: Tyranitar|Crunch|p1a: Hydreigon","|-resisted|p1a: Hydreigon","|-damage|p1a: Hydreigon|147/325","|-unboost|p1a: Hydreigon|def|1","|","|-weather|Sandstorm|[upkeep]","|-damage|p1a: Hydreigon|127/325|[from] sandstorm","|turn|28","|choice|move dracometeor 1|move crunch 1","|","|move|p1a: Hydreigon|Draco Meteor|p2a: Tyranitar","|-damage|p2a: Tyranitar|189/355","|-unboost|p1a: Hydreigon|spa|2","|move|p2a: Tyranitar|Crunch|p1a: Hydreigon","|-resisted|p1a: Hydreigon","|-damage|p1a: Hydreigon|0 fnt","|faint|p1a: Hydreigon","|","|-weather|Sandstorm|[upkeep]","|choice|switch 2|","|","|switch|p1a: Beedrill|Beedrill, M|271/271","|-damage|p1a: Beedrill|204/271|[from] Stealth Rock","|-damage|p1a: Beedrill|171/271|[from] Spikes","|turn|29","|choice|move drillrun 1 mega|move crunch 1","|","|detailschange|p1a: Beedrill|Beedrill-Mega, M","|-mega|p1a: Beedrill|Beedrill|Beedrillite","|move|p1a: Beedrill|Drill Run|p2a: Tyranitar","|-supereffective|p2a: Tyranitar","|-damage|p2a: Tyranitar|0 fnt","|faint|p2a: Tyranitar","|","|-weather|Sandstorm|[upkeep]","|-damage|p1a: Beedrill|155/271|[from] sandstorm","|choice||switch 6","|","|switch|p2a: Skarmory|Skarmory, F|333/333","|turn|30","|choice|switch 6|move ironhead 1","|","|switch|p1a: Reuniclus|Reuniclus, M|424/424","|move|p2a: Skarmory|Iron Head|p1a: Reuniclus","|-damage|p1a: Reuniclus|360/424","|","|-weather|none","|-heal|p1a: Reuniclus|386/424|[from] item: Leftovers","|turn|31","|choice|move calmmind|switch 4","|","|switch|p2a: Latias|Latias-Mega, F|130/363","|move|p1a: Reuniclus|Calm Mind|p1a: Reuniclus","|-boost|p1a: Reuniclus|spa|1","|-boost|p1a: Reuniclus|spd|1","|","|-heal|p1a: Reuniclus|412/424|[from] item: Leftovers","|turn|32","|choice|move shadowball 1|switch 4","|","|switch|p2a: Skarmory|Skarmory, F|333/333","|move|p1a: Reuniclus|Shadow Ball|p2a: Skarmory","|-damage|p2a: Skarmory|213/333","|","|-heal|p1a: Reuniclus|424/424|[from] item: Leftovers","|turn|33","|choice|move calmmind|move spikes","|","|move|p2a: Skarmory|Spikes|p1a: Reuniclus","|-sidestart|p1: FlareonDriod|Spikes","|move|p1a: Reuniclus|Calm Mind|p1a: Reuniclus","|-boost|p1a: Reuniclus|spa|1","|-boost|p1a: Reuniclus|spd|1","|","|turn|34","|choice|move shadowball 1|move whirlwind 1","|","|move|p1a: Reuniclus|Shadow Ball|p2a: Skarmory","|-damage|p2a: Skarmory|69/333","|move|p2a: Skarmory|Whirlwind|p1a: Reuniclus","|drag|p1a: Beedrill|Beedrill-Mega, M|155/271","|-damage|p1a: Beedrill|110/271|[from] Spikes","|-damage|p1a: Beedrill|43/271|[from] Stealth Rock","|","|turn|35","|choice|move uturn 1|move ironhead 1","|","|move|p1a: Beedrill|U-turn|p2a: Skarmory","|-resisted|p2a: Skarmory","|-damage|p2a: Skarmory|40/333","|-damage|p1a: Beedrill|0 fnt|[from] item: Rocky Helmet|[of] p2a: Skarmory","|faint|p1a: Beedrill","|move|p2a: Skarmory|Iron Head|p1: Beedrill|[notarget]","|-notarget","|","|choice|switch 6|","|","|switch|p1a: Reuniclus|Reuniclus, M|424/424","|turn|36","|choice|move psyshock 1|switch 4","|","|switch|p2a: Latias|Latias-Mega, F|130/363","|move|p1a: Reuniclus|Psyshock|p2a: Latias","|-resisted|p2a: Latias","|-damage|p2a: Latias|79/363","|","|turn|37","|choice|move shadowball 1|move roost","|","|move|p2a: Latias|Roost|p2a: Latias","|-heal|p2a: Latias|261/363","|move|p1a: Reuniclus|Shadow Ball|p2a: Latias","|-supereffective|p2a: Latias","|-damage|p2a: Latias|147/363","|-unboost|p2a: Latias|spd|1","|","|turn|38","|choice|move shadowball 1|move icebeam 1","|","|move|p2a: Latias|Ice Beam|p1a: Reuniclus","|-damage|p1a: Reuniclus|320/424","|move|p1a: Reuniclus|Shadow Ball|p2a: Latias","|-supereffective|p2a: Latias","|-damage|p2a: Latias|0 fnt","|faint|p2a: Latias","|","|-heal|p1a: Reuniclus|346/424|[from] item: Leftovers","|choice||switch 4","|","|switch|p2a: Skarmory|Skarmory, F|40/333","|turn|39","|choice|move shadowball 1|move roost","|","|move|p2a: Skarmory|Roost|p2a: Skarmory","|-heal|p2a: Skarmory|207/333","|move|p1a: Reuniclus|Shadow Ball|p2a: Skarmory","|-damage|p2a: Skarmory|134/333","|","|-heal|p1a: Reuniclus|372/424|[from] item: Leftovers","|turn|40","|choice|move shadowball 1|move ironhead 1","|","|move|p2a: Skarmory|Iron Head|p1a: Reuniclus","|-damage|p1a: Reuniclus|308/424","|move|p1a: Reuniclus|Shadow Ball|p2a: Skarmory","|-damage|p2a: Skarmory|51/333","|","|-heal|p1a: Reuniclus|334/424|[from] item: Leftovers","|turn|41","|choice|move psyshock 1|move roost","|","|move|p2a: Skarmory|Roost|p2a: Skarmory","|-heal|p2a: Skarmory|218/333","|move|p1a: Reuniclus|Psyshock|p2a: Skarmory","|-resisted|p2a: Skarmory","|-damage|p2a: Skarmory|179/333","|","|-heal|p1a: Reuniclus|360/424|[from] item: Leftovers","|turn|42","|choice|move recover|move roost","|","|move|p2a: Skarmory|Roost|p2a: Skarmory","|-heal|p2a: Skarmory|333/333","|move|p1a: Reuniclus|Recover|p1a: Reuniclus","|-heal|p1a: Reuniclus|424/424","|","|turn|43","|choice|move calmmind|move ironhead 1","|","|move|p2a: Skarmory|Iron Head|p1a: Reuniclus","|-damage|p1a: Reuniclus|354/424","|move|p1a: Reuniclus|Calm Mind|p1a: Reuniclus","|-boost|p1a: Reuniclus|spa|1","|-boost|p1a: Reuniclus|spd|1","|","|-heal|p1a: Reuniclus|380/424|[from] item: Leftovers","|turn|44","|choice|move calmmind|move whirlwind 1","|","|move|p1a: Reuniclus|Calm Mind|p1a: Reuniclus","|-boost|p1a: Reuniclus|spa|1","|-boost|p1a: Reuniclus|spd|1","|move|p2a: Skarmory|Whirlwind|p1a: Reuniclus","|-fail|p1a: Reuniclus","|","|-heal|p1a: Reuniclus|406/424|[from] item: Leftovers","|turn|45","|choice|move shadowball 1|move ironhead 1","|","|move|p2a: Skarmory|Iron Head|p1a: Reuniclus","|-damage|p1a: Reuniclus|337/424","|move|p1a: Reuniclus|Shadow Ball|p2a: Skarmory","|-damage|p2a: Skarmory|182/333","|","|-heal|p1a: Reuniclus|363/424|[from] item: Leftovers","|turn|46","|choice|move shadowball 1|move whirlwind 1","|","|move|p1a: Reuniclus|Shadow Ball|p2a: Skarmory","|-damage|p2a: Skarmory|30/333","|move|p2a: Skarmory|Whirlwind|p1a: Reuniclus","|-fail|p1a: Reuniclus","|","|-heal|p1a: Reuniclus|389/424|[from] item: Leftovers","|turn|47","|choice|move psyshock 1|move roost","|","|move|p2a: Skarmory|Roost|p2a: Skarmory","|-heal|p2a: Skarmory|197/333","|move|p1a: Reuniclus|Psyshock|p2a: Skarmory","|-resisted|p2a: Skarmory","|-damage|p2a: Skarmory|122/333","|","|-heal|p1a: Reuniclus|415/424|[from] item: Leftovers","|turn|48","|choice|move psyshock 1|move whirlwind 1","|","|move|p1a: Reuniclus|Psyshock|p2a: Skarmory","|-resisted|p2a: Skarmory","|-damage|p2a: Skarmory|46/333","|move|p2a: Skarmory|Whirlwind|p1a: Reuniclus","|-fail|p1a: Reuniclus","|","|-heal|p1a: Reuniclus|424/424|[from] item: Leftovers","|turn|49","|choice|move psyshock 1|move ironhead 1","|","|move|p2a: Skarmory|Iron Head|p1a: Reuniclus","|-damage|p1a: Reuniclus|357/424","|cant|p1a: Reuniclus|flinch","|","|-heal|p1a: Reuniclus|383/424|[from] item: Leftovers","|turn|50","|choice|move shadowball 1|move whirlwind 1","|","|move|p1a: Reuniclus|Shadow Ball|p2a: Skarmory","|-crit|p2a: Skarmory","|-damage|p2a: Skarmory|0 fnt","|faint|p2a: Skarmory","|","|-heal|p1a: Reuniclus|409/424|[from] item: Leftovers","|choice||switch 3","|","|switch|p2a: Clefable|Clefable, F|394/394","|turn|51","|choice|move calmmind|move moonblast 1","|","|move|p2a: Clefable|Moonblast|p1a: Reuniclus","|-crit|p1a: Reuniclus","|-damage|p1a: Reuniclus|232/424","|move|p1a: Reuniclus|Calm Mind|p1a: Reuniclus","|-boost|p1a: Reuniclus|spa|1","|-boost|p1a: Reuniclus|spd|1","|","|-heal|p1a: Reuniclus|258/424|[from] item: Leftovers","|turn|52","|choice|move recover|move calmmind","|","|move|p2a: Clefable|Calm Mind|p2a: Clefable","|-boost|p2a: Clefable|spa|1","|-boost|p2a: Clefable|spd|1","|move|p1a: Reuniclus|Recover|p1a: Reuniclus","|-heal|p1a: Reuniclus|424/424","|","|turn|53","|choice|move psyshock 1|move calmmind","|","|move|p2a: Clefable|Calm Mind|p2a: Clefable","|-boost|p2a: Clefable|spa|1","|-boost|p2a: Clefable|spd|1","|move|p1a: Reuniclus|Psyshock|p2a: Clefable","|-damage|p2a: Clefable|90/394","|","|-heal|p2a: Clefable|114/394|[from] item: Leftovers","|turn|54","|choice|move psyshock 1|move flamethrower 1","|","|move|p2a: Clefable|Flamethrower|p1a: Reuniclus","|-damage|p1a: Reuniclus|358/424","|move|p1a: Reuniclus|Psyshock|p2a: Clefable","|-damage|p2a: Clefable|0 fnt","|faint|p2a: Clefable","|","|-heal|p1a: Reuniclus|384/424|[from] item: Leftovers","|choice||switch 5","|","|switch|p2a: Gengar|Gengar, M, shiny|261/261","|turn|55","|choice|move psyshock 1|move shadowball 1","|","|move|p2a: Gengar|Shadow Ball|p1a: Reuniclus","|-supereffective|p1a: Reuniclus","|-damage|p1a: Reuniclus|262/424","|-unboost|p1a: Reuniclus|spd|1","|move|p1a: Reuniclus|Psyshock|p2a: Gengar","|-supereffective|p2a: Gengar","|-damage|p2a: Gengar|0 fnt","|faint|p2a: Gengar","|","|win|FlareonDriod"],"p1rating":1187.0983217982762,"p2rating":1157.585553287119,"endType":"normal"}