{"seed":[37740,55968,23273,27505],"turns":25,"p1":"BatterBotto","p2":"Zmeeed •'◡'•","p1team":[{"name":"Seismitoad","species":"Seismitoad","item":"leftovers","ability":"Water Absorb","moves":["stealthrock","scald","earthpower","toxic"],"nature":"Bold","evs":{"hp":248,"atk":0,"def":240,"spa":0,"spd":20,"spe":0},"gender":"M","ivs":{"hp":31,"atk":0,"def":31,"spa":31,"spd":31,"spe":31}},{"name":"Skarmory","species":"Skarmory","item":"rockyhelmet","ability":"Sturdy","moves":["spikes","ironhead","roost","whirlwind"],"nature":"Impish","evs":{"hp":248,"atk":0,"def":0,"spa":0,"spd":236,"spe":24},"gender":"F","ivs":{"hp":31,"atk":31,"def":31,"spa":31,"spd":31,"spe":31}},{"name":"Clefable","species":"Clefable","item":"leftovers","ability":"Magic Guard","moves":["calmmind","moonblast","flamethrower","softboiled"],"nature":"Calm","evs":{"hp":252,"atk":0,"def":160,"spa":0,"spd":96,"spe":0},"gender":"F","ivs":{"hp":31,"atk":0,"def":31,"spa":31,"spd":31,"spe":31}},{"name":"Tyranitar","species":"Tyranitar","item":"choiceband","ability":"Sand Stream","moves":["pursuit","stoneedge","crunch","icepunch"],"nature":"Adamant","evs":{"hp":56,"atk":252,"def":4,"spa":0,"spd":0,"spe":196},"gender":"M","ivs":{"hp":31,"atk":31,"def":31,"spa":31,"spd":31,"spe":31}},{"name":"Gengar","species":"Gengar","item":"choicescarf","ability":"Levitate","moves":["shadowball","sludgewave","focusblast","trick"],"nature":"Timid","evs":{"hp":0,"atk":0,"def":0,"spa":252,"spd":4,"spe":252},"gender":"M","ivs":{"hp":31,"atk":0,"def":31,"spa":31,"spd":31,"spe":31},"shiny":true},{"name":"Latias","species":"Latias","item":"latiasite","ability":"Levitate","moves":["thunderbolt","icebeam","roost","thunderwave"],"nature":"Timid","evs":{"hp":248,"atk":0,"def":32,"spa":12,"spd":0,"spe":216},"ivs":{"hp":31,"atk":0,"def":31,"spa":31,"spd":31,"spe":31}}],"p2team":[{"name":"Genwunzard","species":"charizard","item":"charizarditex","ability":"Blaze","moves":["flareblitz","dragonclaw","earthquake","dragondance"],"nature":"Jolly","evs":{"hp":0,"atk":252,"def":4,"spa":0,"spd":0,"spe":252},"gender":"M","ivs":{"hp":31,"atk":31,"def":31,"spa":31,"spd":31,"spe":31}},{"name":"Proportions","species":"dragonite","item":"choiceband","ability":"Multiscale","moves":["outrage","superpower","firepunch","extremespeed"],"nature":"Adamant","evs":{"hp":0,"atk":252,"def":4,"spa":0,"spd":0,"spe":252},"gender":"M","ivs":{"hp":31,"atk":31,"def":31,"spa":31,"spd":31,"spe":31}},{"name":"Waifu","species":"latias","item":"lifeorb","ability":"Levitate","moves":["psyshock","dracometeor","defog","roost"],"nature":"Timid","evs":{"hp":0,"atk":0,"def":0,"spa":252,"spd":4,"spe":252},"ivs":{"hp":29,"atk":0,"def":31,"spa":31,"spd":31,"spe":31}},{"name":"U.F.O","species":"magnezone","item":"choicespecs","ability":"Magnet Pull","moves":["thunderbolt","flashcannon","voltswitch","hiddenpowerfire"],"nature":"Modest","evs":{"hp":128,"atk":0,"def":0,"spa":252,"spd":0,"spe":128},"ivs":{"hp":31,"atk":0,"def":31,"spa":30,"spd":31,"spe":30}},{"name":"MOUSE OF DOOM","species":"azumarill","item":"sitrusberry","ability":"Huge Power","moves":["aquajet","playrough","knockoff","bellydrum"],"nature":"Adamant","evs":{"hp":92,"atk":252,"def":0,"spa":0,"spd":0,"spe":164},"gender":"F","ivs":{"hp":31,"atk":31,"def":31,"spa":31,"spd":31,"spe":31}},{"name":"Maybe this'll work","species":"ferrothorn","item":"leftovers","ability":"Iron Barbs","moves":["powerwhip","thunderwave","stealthrock","leechseed"],"nature":"Impish","evs":{"hp":252,"atk":0,"def":88,"spa":0,"spd":168,"spe":0},"gender":"M","ivs":{"hp":31,"atk":31,"def":31,"spa":31,"spd":31,"spe":31}}],"log":["|player|p1|BatterBotto|batterbotto.png","|player|p2|Zmeeed •'◡'•|zmeeed.png","|gametype|singles","|gen|6","|tier|OU","|rated","|seed|37740,55968,23273,27505","|clearpoke","|poke|p1|Seismitoad, M|item","|poke|p1|Skarmory, F|item","|poke|p1|Clefable, F|item","|poke|p1|Tyranitar, M|item","|poke|p1|Gengar, M, shiny|item","|poke|p1|Latias, F|item","|poke|p2|Charizard, M|item","|poke|p2|Dragonite, M|item","|poke|p2|Latias, F|item","|poke|p2|Magnezone|item","|poke|p2|Azumarill, F|item","|poke|p2|Ferrothorn, M|item","|rule|Swagger Clause: Swagger is banned","|rule|Baton Pass Clause: Limit one Baton Passer, can't pass Spe and other stats simultaneously","|rule|Sleep Clause Mod: Limit one foe put to sleep","|rule|Species Clause: Limit one of each Pokémon","|rule|OHKO Clause: OHKO moves are banned","|rule|Moody Clause: Moody is banned","|rule|Evasion Moves Clause: Evasion moves are banned","|rule|Endless Battle Clause: Forcing endless battles is banned","|rule|HP Percentage Mod: HP is shown in percentages","|teampreview","|choice|team 2, team 1, team 3, team 4, team 5, team 6|team 3, team 2, team 1, team 4, team 5, team 6","|","|start","|switch|p1a: Skarmory|Skarmory, F|333/333","|switch|p2a: Waifu|Latias, F|299/299","|turn|1","|choice|switch 4|switch 4","|","|switch|p2a: U.F.O|Magnezone|313/313","|switch|p1a: Tyranitar|Tyranitar, M|355/355","|-weather|Sandstorm|[from] ability: Sand Stream|[of] p1a: Tyranitar","|","|-weather|Sandstorm|[upkeep]","|turn|2","|choice|move crunch 1|move voltswitch","|","|move|p1a: Tyranitar|Crunch|p2a: U.F.O","|-damage|p2a: U.F.O|102/313","|move|p2a: U.F.O|Volt Switch|p1a: Tyranitar","|-damage|p1a: Tyranitar|228/355","|choice||switch 5","|","|switch|p2a: MOUSE OF DOOM|Azumarill, F|364/364","|","|-weather|Sandstorm|[upkeep]","|-damage|p2a: MOUSE OF DOOM|342/364|[from] sandstorm","|turn|3","|choice|switch 5|move knockoff","|","|switch|p1a: Gengar|Gengar, M, shiny|261/261","|move|p2a: MOUSE OF DOOM|Knock Off|p1a: Gengar","|-supereffective|p1a: Gengar","|-damage|p1a: Gengar|0 fnt","|-enditem|p1a: Gengar|Choice Scarf|[from] move: Knock Off|[of] p2a: MOUSE OF DOOM","|faint|p1a: Gengar","|","|-weather|Sandstorm|[upkeep]","|-damage|p2a: MOUSE OF DOOM|320/364|[from] sandstorm","|choice|switch 4|","|","|switch|p1a: Skarmory|Skarmory, F|333/333","|turn|4","|choice|move spikes|switch 5","|","|switch|p2a: U.F.O|Magnezone|102/313","|move|p1a: Skarmory|Spikes|p2a: U.F.O","|-sidestart|p2: Zmeeed •'◡'•|Spikes","|","|-weather|Sandstorm|[upkeep]","|turn|5","|choice|move ironhead 1|move thunderbolt","|","|move|p2a: U.F.O|Thunderbolt|p1a: Skarmory","|-supereffective|p1a: Skarmory","|-ability|p1a: Skarmory|Sturdy","|-damage|p1a: Skarmory|1/333","|move|p1a: Skarmory|Iron Head|p2a: U.F.O","|-resisted|p2a: U.F.O","|-damage|p2a: U.F.O|86/313","|","|-weather|none","|turn|6","|choice|move spikes|move thunderbolt","|","|move|p2a: U.F.O|Thunderbolt|p1a: Skarmory","|-supereffective|p1a: Skarmory","|-crit|p1a: Skarmory","|-damage|p1a: Skarmory|0 fnt","|faint|p1a: Skarmory","|","|choice|switch 2|","|","|switch|p1a: Seismitoad|Seismitoad, M|413/413","|turn|7","|choice|move scald 1|switch 4","|","|switch|p2a: Waifu|Latias, F|299/299","|move|p1a: Seismitoad|Scald|p2a: Waifu","|-resisted|p2a: Waifu","|-damage|p2a: Waifu|269/299","|","|turn|8","|choice|switch 5|move dracometeor","|","|switch|p1a: Tyranitar|Tyranitar, M|228/355","|-weather|Sandstorm|[from] ability: Sand Stream|[of] p1a: Tyranitar","|move|p2a: Waifu|Draco Meteor|p1a: Tyranitar|[miss]","|-miss|p2a: Waifu|p1a: Tyranitar","|","|-weather|Sandstorm|[upkeep]","|-damage|p2a: Waifu|251/299|[from] sandstorm","|turn|9","|choice|move stoneedge 1|move defog","|","|move|p2a: Waifu|Defog|p1a: Tyranitar","|-unboost|p1a: Tyranitar|evasion|1","|-sideend|p2: Zmeeed •'◡'•|Spikes|[from] move: Defog|[of] p2a: Waifu","|move|p1a: Tyranitar|Stone Edge|p2a: Waifu|[miss]","|-miss|p1a: Tyranitar|p2a: Waifu","|","|-weather|Sandstorm|[upkeep]","|-damage|p2a: Waifu|233/299|[from] sandstorm","|turn|10","|choice|move stoneedge 1|switch 6","|","|switch|p2a: Maybe this'll work|Ferrothorn, M|352/352","|move|p1a: Tyranitar|Stone Edge|p2a: Maybe this'll work","|-resisted|p2a: Maybe this'll work","|-damage|p2a: Maybe this'll work|254/352","|","|-weather|Sandstorm|[upkeep]","|-heal|p2a: Maybe this'll work|276/352|[from] item: Leftovers","|turn|11","|choice|move stoneedge 1|move leechseed","|","|move|p1a: Tyranitar|Stone Edge|p2a: Maybe this'll work","|-resisted|p2a: Maybe this'll work","|-damage|p2a: Maybe this'll work|175/352","|move|p2a: Maybe this'll work|Leech Seed|p1a: Tyranitar","|-start|p1a: Tyranitar|move: Leech Seed","|","|-weather|Sandstorm|[upkeep]","|-heal|p2a: Maybe this'll work|197/352|[from] item: Leftovers","|-damage|p1a: Tyranitar|184/355|[from] Leech Seed|[of] p2a: Maybe this'll work","|-heal|p2a: Maybe this'll work|241/352|[silent]","|turn|12","|choice|move stoneedge 1|move stealthrock","|","|move|p1a: Tyranitar|Stone Edge|p2a: Maybe this'll work","|-resisted|p2a: Maybe this'll work","|-damage|p2a: Maybe this'll work|138/352","|move|p2a: Maybe this'll work|Stealth Rock|p1a: Tyranitar","|-sidestart|p1: BatterBotto|move: Stealth Rock","|","|-weather|none","|-heal|p2a: Maybe this'll work|160/352|[from] item: Leftovers","|-damage|p1a: Tyranitar|140/355|[from] Leech Seed|[of] p2a: Maybe this'll work","|-heal|p2a: Maybe this'll work|204/352|[silent]","|turn|13","|choice|move stoneedge 1|move powerwhip","|","|move|p1a: Tyranitar|Stone Edge|p2a: Maybe this'll work","|-resisted|p2a: Maybe this'll work","|-damage|p2a: Maybe this'll work|101/352","|move|p2a: Maybe this'll work|Power Whip|p1a: Tyranitar","|-supereffective|p1a: Tyranitar","|-damage|p1a: Tyranitar|0 fnt","|faint|p1a: Tyranitar","|","|-heal|p2a: Maybe this'll work|123/352|[from] item: Leftovers","|choice|switch 6|","|","|switch|p1a: Latias|Latias, F|363/363","|-damage|p1a: Latias|318/363|[from] Stealth Rock","|turn|14","|choice|move thunderwave 1 mega|move thunderwave","|","|detailschange|p1a: Latias|Latias-Mega, F","|-mega|p1a: Latias|Latias|Latiasite","|move|p1a: Latias|Thunder Wave|p2a: Maybe this'll work","|-status|p2a: Maybe this'll work|par","|move|p2a: Maybe this'll work|Thunder Wave|p1a: Latias","|-status|p1a: Latias|par","|","|-heal|p2a: Maybe this'll work|145/352 par|[from] item: Leftovers","|turn|15","|choice|move icebeam 1|move leechseed","|","|cant|p1a: Latias|par","|move|p2a: Maybe this'll work|Leech Seed|p1a: Latias","|-start|p1a: Latias|move: Leech Seed","|","|-heal|p2a: Maybe this'll work|167/352 par|[from] item: Leftovers","|-damage|p1a: Latias|273/363 par|[from] Leech Seed|[of] p2a: Maybe this'll work","|-heal|p2a: Maybe this'll work|212/352 par|[silent]","|turn|16","|choice|move icebeam 1|switch 3","|","|switch|p2a: Genwunzard|Charizard, M|297/297","|move|p1a: Latias|Ice Beam|p2a: Genwunzard","|-damage|p2a: Genwunzard|192/297","|","|-damage|p1a: Latias|228/363 par|[from] Leech Seed|[of] p2a: Genwunzard","|-heal|p2a: Genwunzard|237/297|[silent]","|turn|17","|choice|move thunderbolt 1|move dragondance mega","|","|detailschange|p2a: Genwunzard|Charizard-Mega-X, M","|-mega|p2a: Genwunzard|Charizard|Charizardite X","|move|p2a: Genwunzard|Dragon Dance|p2a: Genwunzard","|-boost|p2a: Genwunzard|atk|1","|-boost|p2a: Genwunzard|spe|1","|cant|p1a: Latias|par","|","|-damage|p1a: Latias|183/363 par|[from] Leech Seed|[of] p2a: Genwunzard","|-heal|p2a: Genwunzard|282/297|[silent]","|turn|18","|choice|switch 3|move dragonclaw","|","|switch|p1a: Clefable|Clefable, F|394/394","|move|p2a: Genwunzard|Dragon Claw|p1a: Clefable","|-immune|p1a: Clefable|[msg]","|","|turn|19","|choice|move moonblast 1|move flareblitz","|","|move|p2a: Genwunzard|Flare Blitz|p1a: Clefable","|-damage|p1a: Clefable|0 fnt","|-damage|p2a: Genwunzard|152/297|[from] recoil|[of] p1a: Clefable","|faint|p1a: Clefable","|","|choice|switch 5|","|","|switch|p1a: Seismitoad|Seismitoad, M|413/413","|-damage|p1a: Seismitoad|388/413|[from] Stealth Rock","|turn|20","|choice|move earthpower 1|switch 6","|","|switch|p2a: Waifu|Latias, F|233/299","|move|p1a: Seismitoad|Earth Power|p2a: Waifu","|-immune|p2a: Waifu|[msg]|[from] ability: Levitate","|","|-heal|p1a: Seismitoad|413/413|[from] item: Leftovers","|turn|21","|choice|move scald 1|move dracometeor","|","|move|p2a: Waifu|Draco Meteor|p1a: Seismitoad|[miss]","|-miss|p2a: Waifu|p1a: Seismitoad","|move|p1a: Seismitoad|Scald|p2a: Waifu","|-resisted|p2a: Waifu","|-damage|p2a: Waifu|203/299","|","|turn|22","|choice|move toxic 1|move dracometeor","|","|move|p2a: Waifu|Draco Meteor|p1a: Seismitoad","|-damage|p1a: Seismitoad|109/413","|-unboost|p2a: Waifu|spa|2","|-damage|p2a: Waifu|174/299|[from] item: Life Orb","|move|p1a: Seismitoad|Toxic|p2a: Waifu","|-status|p2a: Waifu|tox","|","|-heal|p1a: Seismitoad|134/413|[from] item: Leftovers","|-damage|p2a: Waifu|156/299 tox|[from] psn","|turn|23","|choice|move stealthrock|move dracometeor","|","|move|p2a: Waifu|Draco Meteor|p1a: Seismitoad","|-damage|p1a: Seismitoad|0 fnt","|-unboost|p2a: Waifu|spa|2","|-damage|p2a: Waifu|127/299 tox|[from] item: Life Orb","|faint|p1a: Seismitoad","|","|-damage|p2a: Waifu|91/299 tox|[from] psn","|choice|switch 3|","|","|switch|p1a: Latias|Latias-Mega, F|183/363 par","|-damage|p1a: Latias|138/363 par|[from] Stealth Rock","|turn|24","|choice|move icebeam 1|move dracometeor","|","|move|p2a: Waifu|Draco Meteor|p1a: Latias","|-supereffective|p1a: Latias","|-damage|p1a: Latias|21/363 par","|-unboost|p2a: Waifu|spa|2","|-damage|p2a: Waifu|62/299 tox|[from] item: Life Orb","|move|p1a: Latias|Ice Beam|p2a: Waifu","|-supereffective|p2a: Waifu","|-damage|p2a: Waifu|0 fnt","|faint|p2a: Waifu","|","|choice||switch 6","|","|switch|p2a: Genwunzard|Charizard-Mega-X, M|152/297","|turn|25","|choice|move icebeam 1|move dragonclaw","|","|move|p2a: Genwunzard|Dragon Claw|p1a: Latias","|-supereffective|p1a: Latias","|-damage|p1a: Latias|0 fnt","|faint|p1a: Latias","|","|win|Zmeeed •'◡'•"],"p1rating":1088.225114485966,"p2rating":1132.8142699749667,"endType":"normal"}