{"seed":[31382,46337,25654,54000],"turns":22,"p1":"BatterBotto","p2":"FlareonDriod","p1team":[{"name":"U.N. Oven Was Her","species":"rotomheat","item":"leftovers","ability":"Levitate","moves":["overheat","voltswitch","painsplit","thunderwave"],"nature":"Bold","evs":{"hp":248,"atk":0,"def":216,"spa":0,"spd":0,"spe":44},"ivs":{"hp":31,"atk":0,"def":31,"spa":31,"spd":31,"spe":31}},{"name":"D'Artagnan","species":"keldeoresolute","item":"choicespecs","ability":"Justified","moves":["hydropump","secretsword","scald","icywind"],"nature":"Timid","evs":{"hp":0,"atk":0,"def":0,"spa":252,"spd":4,"spe":252},"ivs":{"hp":31,"atk":0,"def":31,"spa":31,"spd":31,"spe":31}},{"name":"Diglett Sr.","species":"excadrill","item":"lifeorb","ability":"Sand Rush","moves":["earthquake","ironhead","rockslide","rapidspin"],"nature":"Adamant","evs":{"hp":0,"atk":252,"def":4,"spa":0,"spd":0,"spe":252},"gender":"M","ivs":{"hp":31,"atk":31,"def":31,"spa":31,"spd":31,"spe":31}},{"name":"Armor","species":"tyranitar","item":"smoothrock","ability":"Sand Stream","moves":["rockslide","icebeam","stealthrock","pursuit"],"nature":"Sassy","evs":{"hp":252,"atk":0,"def":0,"spa":4,"spd":252,"spe":0},"gender":"M","ivs":{"hp":31,"atk":31,"def":31,"spa":31,"spd":31,"spe":31}},{"name":"SNEK STAHP","species":"serperior","item":"expertbelt","ability":"Contrary","moves":["leafstorm","hiddenpowerfire","dragonpulse","knockoff"],"nature":"Timid","evs":{"hp":0,"atk":0,"def":0,"spa":252,"spd":4,"spe":252},"gender":"F","ivs":{"hp":31,"atk":30,"def":31,"spa":30,"spd":31,"spe":30}},{"name":"Waifumon","species":"gardevoir","item":"gardevoirite","ability":"Trace","moves":["hypervoice","psyshock","taunt","healingwish"],"nature":"Timid","evs":{"hp":16,"atk":0,"def":8,"spa":232,"spd":0,"spe":252},"gender":"F","ivs":{"hp":31,"atk":0,"def":31,"spa":31,"spd":31,"spe":31}}],"p2team":[{"name":"Beedrill","species":"Beedrill","item":"beedrillite","ability":"Swarm","moves":["uturn","poisonjab","drillrun","protect"],"nature":"Jolly","evs":{"hp":0,"atk":252,"def":0,"spa":0,"spd":4,"spe":252},"ivs":{"hp":31,"atk":31,"def":31,"spa":31,"spd":31,"spe":31}},{"name":"Whimsicott","species":"Whimsicott","item":"yacheberry","ability":"Prankster","moves":["gigadrain","moonblast","encore","uturn"],"nature":"Timid","evs":{"hp":0,"atk":0,"def":0,"spa":252,"spd":4,"spe":252},"ivs":{"hp":31,"atk":31,"def":31,"spa":31,"spd":31,"spe":31}},{"name":"Empoleon","species":"Empoleon","item":"leftovers","ability":"Torrent","moves":["scald","icebeam","stealthrock","defog"],"nature":"Calm","evs":{"hp":252,"atk":0,"def":0,"spa":4,"spd":252,"spe":0},"ivs":{"hp":31,"atk":0,"def":31,"spa":31,"spd":31,"spe":31}},{"name":"Reuniclus","species":"Reuniclus","item":"leftovers","ability":"Magic Guard","moves":["calmmind","psyshock","shadowball","recover"],"nature":"Bold","evs":{"hp":252,"atk":0,"def":252,"spa":4,"spd":0,"spe":0},"ivs":{"hp":31,"atk":0,"def":31,"spa":31,"spd":31,"spe":31}},{"name":"Toxicroak","species":"Toxicroak","item":"lifeorb","ability":"Dry Skin","moves":["swordsdance","gunkshot","drainpunch","suckerpunch"],"nature":"Jolly","evs":{"hp":0,"atk":252,"def":0,"spa":0,"spd":4,"spe":252},"ivs":{"hp":31,"atk":31,"def":31,"spa":31,"spd":31,"spe":31}},{"name":"Hydreigon","species":"Hydreigon","item":"choicescarf","ability":"Levitate","moves":["dracometeor","darkpulse","fireblast","uturn"],"nature":"Timid","evs":{"hp":0,"atk":0,"def":0,"spa":252,"spd":4,"spe":252},"ivs":{"hp":31,"atk":31,"def":31,"spa":31,"spd":31,"spe":31}}],"log":["|player|p1|BatterBotto|batterbotto.png","|player|p2|FlareonDriod|flareondriod.png","|gametype|singles","|gen|6","|tier|OU","|rated","|seed|31382,46337,25654,54000","|clearpoke","|poke|p1|Rotom-Heat|item","|poke|p1|Keldeo-Resolute|item","|poke|p1|Excadrill, M|item","|poke|p1|Tyranitar, M|item","|poke|p1|Serperior, F|item","|poke|p1|Gardevoir, F|item","|poke|p2|Beedrill, M|item","|poke|p2|Whimsicott, F|item","|poke|p2|Empoleon, M|item","|poke|p2|Reuniclus, M|item","|poke|p2|Toxicroak, M|item","|poke|p2|Hydreigon, M|item","|rule|Swagger Clause: Swagger is banned","|rule|Baton Pass Clause: Limit one Baton Passer, can't pass Spe and other stats simultaneously","|rule|Sleep Clause Mod: Limit one foe put to sleep","|rule|Species Clause: Limit one of each Pokémon","|rule|OHKO Clause: OHKO moves are banned","|rule|Moody Clause: Moody is banned","|rule|Evasion Moves Clause: Evasion moves are banned","|rule|Endless Battle Clause: Forcing endless battles is banned","|rule|HP Percentage Mod: HP is shown in percentages","|teampreview","|choice|team 2, team 1, team 3, team 4, team 5, team 6|team 4, team 1, team 2, team 3, team 5, team 6","|","|start","|switch|p1a: D'Artagnan|Keldeo-Resolute|323/323","|switch|p2a: Reuniclus|Reuniclus, M|424/424","|turn|1","|choice|move scald 1|move calmmind","|","|move|p1a: D'Artagnan|Scald|p2a: Reuniclus","|-damage|p2a: Reuniclus|166/424","|move|p2a: Reuniclus|Calm Mind|p2a: Reuniclus","|-boost|p2a: Reuniclus|spa|1","|-boost|p2a: Reuniclus|spd|1","|","|-heal|p2a: Reuniclus|192/424|[from] item: Leftovers","|turn|2","|choice|move scald 1|move psyshock 1","|","|move|p1a: D'Artagnan|Scald|p2a: Reuniclus","|-damage|p2a: Reuniclus|38/424","|move|p2a: Reuniclus|Psyshock|p1a: D'Artagnan","|-supereffective|p1a: D'Artagnan","|-damage|p1a: D'Artagnan|0 fnt","|faint|p1a: D'Artagnan","|","|-heal|p2a: Reuniclus|64/424|[from] item: Leftovers","|choice|switch 4|","|","|switch|p1a: Armor|Tyranitar, M|404/404","|-weather|Sandstorm|[from] ability: Sand Stream|[of] p1a: Armor","|turn|3","|choice|move pursuit 1|switch 5","|","|-activate|p2a: Reuniclus|move: Pursuit","|move|p1a: Armor|Pursuit|p2a: Reuniclus|[from]Pursuit","|-supereffective|p2a: Reuniclus","|-damage|p2a: Reuniclus|0 fnt","|faint|p2a: Reuniclus","|","|-weather|Sandstorm|[upkeep]","|choice||switch 5","|","|switch|p2a: Toxicroak|Toxicroak, M|307/307","|turn|4","|choice|switch 3|move drainpunch 1","|","|switch|p1a: Diglett Sr.|Excadrill, M|361/361","|move|p2a: Toxicroak|Drain Punch|p1a: Diglett Sr.","|-supereffective|p1a: Diglett Sr.","|-damage|p1a: Diglett Sr.|0 fnt","|-damage|p2a: Toxicroak|277/307|[from] item: Life Orb","|faint|p1a: Diglett Sr.","|","|-weather|Sandstorm|[upkeep]","|-damage|p2a: Toxicroak|258/307|[from] sandstorm","|choice|switch 2|","|","|switch|p1a: U.N. Oven Was Her|Rotom-Heat|303/303","|turn|5","|choice|move thunderwave 1|move gunkshot 1","|","|move|p2a: Toxicroak|Gunk Shot|p1a: U.N. Oven Was Her","|-damage|p1a: U.N. Oven Was Her|126/303","|-status|p1a: U.N. Oven Was Her|psn","|-damage|p2a: Toxicroak|228/307|[from] item: Life Orb","|move|p1a: U.N. Oven Was Her|Thunder Wave|p2a: Toxicroak","|-status|p2a: Toxicroak|par","|","|-weather|Sandstorm|[upkeep]","|-damage|p1a: U.N. Oven Was Her|108/303 psn|[from] sandstorm","|-damage|p2a: Toxicroak|209/307 par|[from] sandstorm","|-heal|p1a: U.N. Oven Was Her|126/303 psn|[from] item: Leftovers","|-damage|p1a: U.N. Oven Was Her|89/303 psn|[from] psn","|turn|6","|choice|move painsplit 1|move gunkshot 1","|","|move|p1a: U.N. Oven Was Her|Pain Split|p2a: Toxicroak","|-sethp|p2a: Toxicroak|149/307 par|p1a: U.N. Oven Was Her|149/303 psn|[from] move: Pain Split","|move|p2a: Toxicroak|Gunk Shot|p1a: U.N. Oven Was Her","|-damage|p1a: U.N. Oven Was Her|0 fnt","|-damage|p2a: Toxicroak|119/307 par|[from] item: Life Orb","|faint|p1a: U.N. Oven Was Her","|","|-weather|Sandstorm|[upkeep]","|-damage|p2a: Toxicroak|100/307 par|[from] sandstorm","|choice|switch 6|","|","|switch|p1a: Waifumon|Gardevoir, F|281/281","|-ability|p1a: Waifumon|Dry Skin|[from] ability: Trace|[of] p2a: Toxicroak","|turn|7","|choice|move hypervoice mega|move gunkshot 1","|","|detailschange|p1a: Waifumon|Gardevoir-Mega, F","|-mega|p1a: Waifumon|Gardevoir|Gardevoirite","|move|p1a: Waifumon|Hyper Voice|p2a: Toxicroak","|-damage|p2a: Toxicroak|0 fnt","|faint|p2a: Toxicroak","|","|-weather|Sandstorm|[upkeep]","|-damage|p1a: Waifumon|264/281|[from] sandstorm","|choice||switch 4","|","|switch|p2a: Empoleon|Empoleon, M|372/372","|turn|8","|choice|switch 5|move icebeam 1","|","|switch|p1a: SNEK STAHP|Serperior, F|291/291","|move|p2a: Empoleon|Ice Beam|p1a: SNEK STAHP","|-supereffective|p1a: SNEK STAHP","|-damage|p1a: SNEK STAHP|121/291","|","|-weather|Sandstorm|[upkeep]","|-damage|p1a: SNEK STAHP|103/291|[from] sandstorm","|turn|9","|choice|move leafstorm 1|move icebeam 1","|","|move|p1a: SNEK STAHP|Leaf Storm|p2a: Empoleon","|-damage|p2a: Empoleon|248/372","|-boost|p1a: SNEK STAHP|spa|2","|move|p2a: Empoleon|Ice Beam|p1a: SNEK STAHP","|-supereffective|p1a: SNEK STAHP","|-damage|p1a: SNEK STAHP|0 fnt","|faint|p1a: SNEK STAHP","|","|-weather|Sandstorm|[upkeep]","|-heal|p2a: Empoleon|271/372|[from] item: Leftovers","|choice|switch 5|","|","|switch|p1a: Waifumon|Gardevoir-Mega, F|264/281","|turn|10","|choice|move taunt 1|move scald 1","|","|move|p1a: Waifumon|Taunt|p2a: Empoleon","|-start|p2a: Empoleon|move: Taunt","|move|p2a: Empoleon|Scald|p1a: Waifumon","|-damage|p1a: Waifumon|186/281","|","|-weather|none","|-heal|p2a: Empoleon|294/372|[from] item: Leftovers","|turn|11","|choice|move psyshock 1|move icebeam 1","|","|move|p1a: Waifumon|Psyshock|p2a: Empoleon","|-resisted|p2a: Empoleon","|-damage|p2a: Empoleon|201/372","|move|p2a: Empoleon|Ice Beam|p1a: Waifumon","|-damage|p1a: Waifumon|131/281","|","|-heal|p2a: Empoleon|224/372|[from] item: Leftovers","|turn|12","|choice|move psyshock 1|move scald 1","|","|move|p1a: Waifumon|Psyshock|p2a: Empoleon","|-resisted|p2a: Empoleon","|-damage|p2a: Empoleon|129/372","|move|p2a: Empoleon|Scald|p1a: Waifumon","|-damage|p1a: Waifumon|46/281","|","|-heal|p2a: Empoleon|152/372|[from] item: Leftovers","|-end|p2a: Empoleon|move: Taunt","|turn|13","|choice|move psyshock 1|move scald 1","|","|move|p1a: Waifumon|Psyshock|p2a: Empoleon","|-resisted|p2a: Empoleon","|-damage|p2a: Empoleon|56/372","|move|p2a: Empoleon|Scald|p1a: Waifumon","|-damage|p1a: Waifumon|0 fnt","|faint|p1a: Waifumon","|","|-heal|p2a: Empoleon|79/372|[from] item: Leftovers","|choice|switch 3|","|","|switch|p1a: Armor|Tyranitar, M|404/404","|-weather|Sandstorm|[from] ability: Sand Stream|[of] p1a: Armor","|turn|14","|choice|move stealthrock|switch 3","|","|switch|p2a: Whimsicott|Whimsicott, F|261/261","|move|p1a: Armor|Stealth Rock|p2a: Whimsicott","|-sidestart|p2: FlareonDriod|move: Stealth Rock","|","|-weather|Sandstorm|[upkeep]","|-damage|p2a: Whimsicott|245/261|[from] sandstorm","|turn|15","|choice|move icebeam 1|move gigadrain 1","|","|move|p2a: Whimsicott|Giga Drain|p1a: Armor","|-supereffective|p1a: Armor","|-damage|p1a: Armor|314/404","|-heal|p2a: Whimsicott|261/261|[from] drain|[of] p1a: Armor","|move|p1a: Armor|Ice Beam|p2a: Whimsicott","|-supereffective|p2a: Whimsicott","|-enditem|p2a: Whimsicott|Yache Berry|[eat]","|-enditem|p2a: Whimsicott|Yache Berry|[weaken]","|-damage|p2a: Whimsicott|177/261","|","|-weather|Sandstorm|[upkeep]","|-damage|p2a: Whimsicott|161/261|[from] sandstorm","|turn|16","|choice|move rockslide|move encore 1","|","|move|p2a: Whimsicott|Encore|p1a: Armor","|-start|p1a: Armor|Encore","|move|p1a: Armor|Ice Beam|p2a: Whimsicott","|-supereffective|p2a: Whimsicott","|-damage|p2a: Whimsicott|0 fnt","|faint|p2a: Whimsicott","|","|-weather|Sandstorm|[upkeep]","|choice||switch 6","|","|switch|p2a: Hydreigon|Hydreigon, M|325/325","|-damage|p2a: Hydreigon|285/325|[from] Stealth Rock","|turn|17","|choice|move icebeam 1|move dracometeor 1","|","|move|p2a: Hydreigon|Draco Meteor|p1a: Armor","|-damage|p1a: Armor|214/404","|-unboost|p2a: Hydreigon|spa|2","|move|p1a: Armor|Ice Beam|p2a: Hydreigon","|-supereffective|p2a: Hydreigon","|-damage|p2a: Hydreigon|141/325","|","|-weather|Sandstorm|[upkeep]","|-damage|p2a: Hydreigon|121/325|[from] sandstorm","|turn|18","|choice|move icebeam 1|switch 3","|","|switch|p2a: Empoleon|Empoleon, M|79/372","|-damage|p2a: Empoleon|56/372|[from] Stealth Rock","|move|p1a: Armor|Ice Beam|p2a: Empoleon","|-resisted|p2a: Empoleon","|-damage|p2a: Empoleon|45/372","|","|-weather|Sandstorm|[upkeep]","|-heal|p2a: Empoleon|68/372|[from] item: Leftovers","|-end|p1a: Armor|Encore","|turn|19","|choice|move pursuit 1|move defog 1","|","|move|p2a: Empoleon|Defog|p1a: Armor","|-unboost|p1a: Armor|evasion|1","|-sideend|p2: FlareonDriod|Stealth Rock|[from] move: Defog|[of] p2a: Empoleon","|move|p1a: Armor|Pursuit|p2a: Empoleon","|-damage|p2a: Empoleon|0 fnt","|faint|p2a: Empoleon","|","|-weather|Sandstorm|[upkeep]","|choice||switch 3","|","|switch|p2a: Hydreigon|Hydreigon, M|121/325","|turn|20","|choice|move rockslide|move dracometeor 1","|","|move|p2a: Hydreigon|Draco Meteor|p1a: Armor","|-damage|p1a: Armor|108/404","|-unboost|p2a: Hydreigon|spa|2","|move|p1a: Armor|Rock Slide|p2a: Hydreigon|[miss]","|-miss|p1a: Armor|p2a: Hydreigon","|","|-weather|Sandstorm|[upkeep]","|-damage|p2a: Hydreigon|101/325|[from] sandstorm","|turn|21","|choice|move icebeam 1|move dracometeor 1","|","|move|p2a: Hydreigon|Draco Meteor|p1a: Armor","|-damage|p1a: Armor|54/404","|-unboost|p2a: Hydreigon|spa|2","|move|p1a: Armor|Ice Beam|p2a: Hydreigon","|-supereffective|p2a: Hydreigon","|-damage|p2a: Hydreigon|0 fnt","|faint|p2a: Hydreigon","|","|-weather|none","|choice||switch 2","|","|switch|p2a: Beedrill|Beedrill, M|271/271","|turn|22","|choice|move rockslide|move uturn 1 mega","|","|detailschange|p2a: Beedrill|Beedrill-Mega, M","|-mega|p2a: Beedrill|Beedrill|Beedrillite","|move|p2a: Beedrill|U-turn|p1a: Armor","|-supereffective|p1a: Armor","|-damage|p1a: Armor|0 fnt","|faint|p1a: Armor","|","|win|FlareonDriod"],"p1rating":1110.9501466095683,"p2rating":1290.1627194634602,"endType":"normal"}