{"seed":[15029,14479,6708,2984],"turns":33,"p1":"FlareonDriod","p2":"ShinxTheJinx","p1team":[{"name":"Beedrill","species":"Beedrill","item":"beedrillite","ability":"Swarm","moves":["uturn","poisonjab","drillrun","protect"],"nature":"Jolly","evs":{"hp":0,"atk":252,"def":0,"spa":0,"spd":4,"spe":252},"ivs":{"hp":31,"atk":31,"def":31,"spa":31,"spd":31,"spe":31}},{"name":"Whimsicott","species":"Whimsicott","item":"yacheberry","ability":"Prankster","moves":["gigadrain","moonblast","encore","uturn"],"nature":"Timid","evs":{"hp":0,"atk":0,"def":0,"spa":252,"spd":4,"spe":252},"ivs":{"hp":31,"atk":31,"def":31,"spa":31,"spd":31,"spe":31}},{"name":"Empoleon","species":"Empoleon","item":"leftovers","ability":"Torrent","moves":["scald","icebeam","stealthrock","defog"],"nature":"Calm","evs":{"hp":252,"atk":0,"def":0,"spa":4,"spd":252,"spe":0},"ivs":{"hp":31,"atk":0,"def":31,"spa":31,"spd":31,"spe":31}},{"name":"Reuniclus","species":"Reuniclus","item":"leftovers","ability":"Magic Guard","moves":["calmmind","psyshock","shadowball","recover"],"nature":"Bold","evs":{"hp":252,"atk":0,"def":252,"spa":4,"spd":0,"spe":0},"ivs":{"hp":31,"atk":0,"def":31,"spa":31,"spd":31,"spe":31}},{"name":"Toxicroak","species":"Toxicroak","item":"lifeorb","ability":"Dry Skin","moves":["swordsdance","gunkshot","drainpunch","suckerpunch"],"nature":"Jolly","evs":{"hp":0,"atk":252,"def":0,"spa":0,"spd":4,"spe":252},"ivs":{"hp":31,"atk":31,"def":31,"spa":31,"spd":31,"spe":31}},{"name":"Hydreigon","species":"Hydreigon","item":"choicescarf","ability":"Levitate","moves":["dracometeor","darkpulse","fireblast","uturn"],"nature":"Timid","evs":{"hp":0,"atk":0,"def":0,"spa":252,"spd":4,"spe":252},"ivs":{"hp":31,"atk":31,"def":31,"spa":31,"spd":31,"spe":31}}],"p2team":[{"name":"Manaphy","species":"Manaphy","item":"lifeorb","ability":"Hydration","moves":["tailglow","surf","icebeam","energyball"],"nature":"Timid","evs":{"hp":0,"atk":0,"def":0,"spa":252,"spd":4,"spe":252},"ivs":{"hp":31,"atk":0,"def":31,"spa":31,"spd":31,"spe":31}},{"name":"Diancie","species":"Diancie","item":"diancite","ability":"Clear Body","moves":["protect","ancientpower","moonblast","earthpower"],"nature":"Timid","evs":{"hp":0,"atk":0,"def":0,"spa":252,"spd":4,"spe":252},"ivs":{"hp":31,"atk":0,"def":31,"spa":31,"spd":31,"spe":31}},{"name":"Victini","species":"Victini","item":"choicescarf","ability":"Victory Star","moves":["vcreate","zenheadbutt","uturn","boltstrike"],"nature":"Jolly","evs":{"hp":0,"atk":252,"def":0,"spa":0,"spd":4,"spe":252},"ivs":{"hp":31,"atk":31,"def":31,"spa":31,"spd":31,"spe":31}},{"name":"Jirachi","species":"Jirachi","item":"choicescarf","ability":"Serene Grace","moves":["ironhead","zenheadbutt","firepunch","bodyslam"],"nature":"Jolly","evs":{"hp":0,"atk":252,"def":0,"spa":0,"spd":4,"spe":252},"ivs":{"hp":31,"atk":31,"def":31,"spa":31,"spd":31,"spe":31}},{"name":"Skarmory","species":"Skarmory","item":"leftovers","ability":"Sturdy","moves":["defog","spikes","stealthrock","whirlwind"],"nature":"Bold","evs":{"hp":24,"atk":0,"def":232,"spa":0,"spd":252,"spe":0},"ivs":{"hp":31,"atk":0,"def":31,"spa":31,"spd":31,"spe":31}},{"name":"Talonflame","species":"Talonflame","item":"lifeorb","ability":"Gale Wings","moves":["bravebird","flareblitz","swordsdance","willowisp"],"nature":"Jolly","evs":{"hp":0,"atk":252,"def":0,"spa":0,"spd":4,"spe":252},"ivs":{"hp":31,"atk":31,"def":31,"spa":31,"spd":31,"spe":31}}],"log":["|player|p1|FlareonDriod|flareondriod.png","|player|p2|ShinxTheJinx|200","|gametype|singles","|gen|6","|tier|OU","|rated","|seed|15029,14479,6708,2984","|clearpoke","|poke|p1|Beedrill, M|item","|poke|p1|Whimsicott, F|item","|poke|p1|Empoleon, M|item","|poke|p1|Reuniclus, M|item","|poke|p1|Toxicroak, F|item","|poke|p1|Hydreigon, M|item","|poke|p2|Manaphy|item","|poke|p2|Diancie|item","|poke|p2|Victini|item","|poke|p2|Jirachi|item","|poke|p2|Skarmory, M|item","|poke|p2|Talonflame, M|item","|rule|Swagger Clause: Swagger is banned","|rule|Baton Pass Clause: Limit one Baton Passer, can't pass Spe and other stats simultaneously","|rule|Sleep Clause Mod: Limit one foe put to sleep","|rule|Species Clause: Limit one of each Pokémon","|rule|OHKO Clause: OHKO moves are banned","|rule|Moody Clause: Moody is banned","|rule|Evasion Moves Clause: Evasion moves are banned","|rule|Endless Battle Clause: Forcing endless battles is banned","|rule|HP Percentage Mod: HP is shown in percentages","|teampreview","|choice|team 3, team 1, team 2, team 4, team 5, team 6|team 6, team 2, team 3, team 4, team 5, team 1","|","|start","|switch|p1a: Empoleon|Empoleon, M|372/372","|switch|p2a: Talonflame|Talonflame, M|297/297","|turn|1","|choice|move stealthrock|switch 6","|","|switch|p2a: Manaphy|Manaphy|341/341","|move|p1a: Empoleon|Stealth Rock|p2a: Manaphy","|-sidestart|p2: ShinxTheJinx|move: Stealth Rock","|","|turn|2","|choice|switch 6|move tailglow","|","|switch|p1a: Hydreigon|Hydreigon, M|325/325","|move|p2a: Manaphy|Tail Glow|p2a: Manaphy","|-boost|p2a: Manaphy|spa|3","|","|turn|3","|choice|move dracometeor 1|move icebeam","|","|move|p1a: Hydreigon|Draco Meteor|p2a: Manaphy","|-damage|p2a: Manaphy|113/341","|-unboost|p1a: Hydreigon|spa|2","|move|p2a: Manaphy|Ice Beam|p1a: Hydreigon","|-supereffective|p1a: Hydreigon","|-damage|p1a: Hydreigon|0 fnt","|-damage|p2a: Manaphy|79/341|[from] item: Life Orb","|faint|p1a: Hydreigon","|","|choice|switch 3|","|","|switch|p1a: Whimsicott|Whimsicott, F|261/261","|turn|4","|choice|move moonblast 1|move icebeam","|","|move|p1a: Whimsicott|Moonblast|p2a: Manaphy","|-damage|p2a: Manaphy|0 fnt","|faint|p2a: Manaphy","|","|choice||switch 5","|","|switch|p2a: Skarmory|Skarmory, M|277/277","|-damage|p2a: Skarmory|243/277|[from] Stealth Rock","|turn|5","|choice|switch 6|move defog","|","|switch|p1a: Empoleon|Empoleon, M|372/372","|move|p2a: Skarmory|Defog|p1a: Empoleon","|-unboost|p1a: Empoleon|evasion|1","|-sideend|p2: ShinxTheJinx|Stealth Rock|[from] move: Defog|[of] p2a: Skarmory","|","|-heal|p2a: Skarmory|260/277|[from] item: Leftovers","|turn|6","|choice|move stealthrock|move whirlwind","|","|move|p1a: Empoleon|Stealth Rock|p2a: Skarmory","|-sidestart|p2: ShinxTheJinx|move: Stealth Rock","|move|p2a: Skarmory|Whirlwind|p1a: Empoleon","|drag|p1a: Toxicroak|Toxicroak, F|307/307","|","|-heal|p2a: Skarmory|277/277|[from] item: Leftovers","|turn|7","|choice|move swordsdance|move defog","|","|move|p1a: Toxicroak|Swords Dance|p1a: Toxicroak","|-boost|p1a: Toxicroak|atk|2","|move|p2a: Skarmory|Defog|p1a: Toxicroak","|-unboost|p1a: Toxicroak|evasion|1","|-sideend|p2: ShinxTheJinx|Stealth Rock|[from] move: Defog|[of] p2a: Skarmory","|","|turn|8","|choice|move suckerpunch 1|move whirlwind","|","|move|p1a: Toxicroak|Sucker Punch|p2a: Skarmory|[still]","|-fail|p1a: Toxicroak","|move|p2a: Skarmory|Whirlwind|p1a: Toxicroak","|drag|p1a: Whimsicott|Whimsicott, F|261/261","|","|turn|9","|choice|switch 5|move stealthrock","|","|switch|p1a: Empoleon|Empoleon, M|372/372","|move|p2a: Skarmory|Stealth Rock|p1a: Empoleon","|-sidestart|p1: FlareonDriod|move: Stealth Rock","|","|turn|10","|choice|move stealthrock|move defog","|","|move|p2a: Skarmory|Defog|p1a: Empoleon","|-unboost|p1a: Empoleon|evasion|1","|-sideend|p1: FlareonDriod|Stealth Rock|[from] move: Defog|[of] p1a: Empoleon","|move|p1a: Empoleon|Stealth Rock|p2a: Skarmory","|-sidestart|p2: ShinxTheJinx|move: Stealth Rock","|","|turn|11","|choice|move scald 1|move defog","|","|move|p2a: Skarmory|Defog|p1a: Empoleon","|-unboost|p1a: Empoleon|evasion|1","|-sideend|p2: ShinxTheJinx|Stealth Rock|[from] move: Defog|[of] p2a: Skarmory","|move|p1a: Empoleon|Scald|p2a: Skarmory","|-crit|p2a: Skarmory","|-damage|p2a: Skarmory|132/277","|","|-heal|p2a: Skarmory|149/277|[from] item: Leftovers","|turn|12","|choice|move stealthrock|move whirlwind","|","|move|p1a: Empoleon|Stealth Rock|p2a: Skarmory","|-sidestart|p2: ShinxTheJinx|move: Stealth Rock","|move|p2a: Skarmory|Whirlwind|p1a: Empoleon","|drag|p1a: Beedrill|Beedrill, M|271/271","|","|-heal|p2a: Skarmory|166/277|[from] item: Leftovers","|turn|13","|choice|switch 2|move defog","|","|switch|p1a: Empoleon|Empoleon, M|372/372","|move|p2a: Skarmory|Defog|p1a: Empoleon","|-unboost|p1a: Empoleon|evasion|1","|-sideend|p2: ShinxTheJinx|Stealth Rock|[from] move: Defog|[of] p2a: Skarmory","|","|-heal|p2a: Skarmory|183/277|[from] item: Leftovers","|turn|14","|choice|move scald 1|move stealthrock","|","|move|p2a: Skarmory|Stealth Rock|p1a: Empoleon","|-sidestart|p1: FlareonDriod|move: Stealth Rock","|move|p1a: Empoleon|Scald|p2a: Skarmory","|-damage|p2a: Skarmory|72/277","|","|-heal|p2a: Skarmory|89/277|[from] item: Leftovers","|turn|15","|choice|move defog 1|move whirlwind","|","|move|p1a: Empoleon|Defog|p2a: Skarmory","|-unboost|p2a: Skarmory|evasion|1","|-sideend|p1: FlareonDriod|Stealth Rock|[from] move: Defog|[of] p1a: Empoleon","|move|p2a: Skarmory|Whirlwind|p1a: Empoleon","|drag|p1a: Beedrill|Beedrill, M|271/271","|","|-heal|p2a: Skarmory|106/277|[from] item: Leftovers","|turn|16","|choice|move protect mega|move stealthrock","|","|detailschange|p1a: Beedrill|Beedrill-Mega, M","|-mega|p1a: Beedrill|Beedrill|Beedrillite","|move|p1a: Beedrill|Protect|p1a: Beedrill","|-singleturn|p1a: Beedrill|Protect","|move|p2a: Skarmory|Stealth Rock|p1a: Beedrill","|-sidestart|p1: FlareonDriod|move: Stealth Rock","|","|-heal|p2a: Skarmory|123/277|[from] item: Leftovers","|turn|17","|choice|move uturn 1|move whirlwind","|","|move|p1a: Beedrill|U-turn|p2a: Skarmory","|-resisted|p2a: Skarmory","|-crit|p2a: Skarmory","|-damage|p2a: Skarmory|84/277","|choice|switch 2|","|","|switch|p1a: Empoleon|Empoleon, M|372/372","|-damage|p1a: Empoleon|349/372|[from] Stealth Rock","|move|p2a: Skarmory|Whirlwind|p1a: Empoleon","|drag|p1a: Whimsicott|Whimsicott, F|261/261","|-damage|p1a: Whimsicott|229/261|[from] Stealth Rock","|","|-heal|p2a: Skarmory|101/277|[from] item: Leftovers","|turn|18","|choice|move moonblast 1|move whirlwind","|","|move|p1a: Whimsicott|Moonblast|p2a: Skarmory","|-resisted|p2a: Skarmory","|-damage|p2a: Skarmory|44/277","|-unboost|p2a: Skarmory|spa|1","|move|p2a: Skarmory|Whirlwind|p1a: Whimsicott","|drag|p1a: Toxicroak|Toxicroak, F|307/307","|-damage|p1a: Toxicroak|288/307|[from] Stealth Rock","|","|-heal|p2a: Skarmory|61/277|[from] item: Leftovers","|turn|19","|choice|move drainpunch 1|move whirlwind","|","|move|p1a: Toxicroak|Drain Punch|p2a: Skarmory","|-damage|p2a: Skarmory|0 fnt","|-heal|p1a: Toxicroak|307/307|[from] drain|[of] p2a: Skarmory","|-damage|p1a: Toxicroak|277/307|[from] item: Life Orb","|faint|p2a: Skarmory","|","|choice||switch 6","|","|switch|p2a: Talonflame|Talonflame, M|297/297","|turn|20","|choice|move gunkshot 1|move willowisp","|","|move|p2a: Talonflame|Will-O-Wisp|p1a: Toxicroak","|-status|p1a: Toxicroak|brn","|move|p1a: Toxicroak|Gunk Shot|p2a: Talonflame","|-damage|p2a: Talonflame|133/297","|-damage|p1a: Toxicroak|247/307 brn|[from] item: Life Orb","|","|-damage|p1a: Toxicroak|209/307 brn|[from] brn","|turn|21","|choice|move gunkshot 1|move bravebird","|","|move|p2a: Talonflame|Brave Bird|p1a: Toxicroak","|-supereffective|p1a: Toxicroak","|-damage|p1a: Toxicroak|0 fnt","|-damage|p2a: Talonflame|64/297|[from] recoil|[of] p1a: Toxicroak","|-damage|p2a: Talonflame|35/297|[from] item: Life Orb","|faint|p1a: Toxicroak","|","|choice|switch 5|","|","|switch|p1a: Empoleon|Empoleon, M|349/372","|-damage|p1a: Empoleon|326/372|[from] Stealth Rock","|turn|22","|choice|move scald 1|move flareblitz","|","|move|p2a: Talonflame|Flare Blitz|p1a: Empoleon","|-damage|p1a: Empoleon|96/372","|-status|p1a: Empoleon|brn","|-damage|p2a: Talonflame|0 fnt|[from] recoil|[of] p1a: Empoleon","|faint|p2a: Talonflame","|move|p1a: Empoleon|Scald|p2: Talonflame|[notarget]","|-notarget","|","|-heal|p1a: Empoleon|119/372 brn|[from] item: Leftovers","|-damage|p1a: Empoleon|73/372 brn|[from] brn","|choice||switch 2","|","|switch|p2a: Diancie|Diancie|241/241","|turn|23","|choice|move scald 1|move protect mega","|","|detailschange|p2a: Diancie|Diancie-Mega","|-mega|p2a: Diancie|Diancie|Diancite","|move|p2a: Diancie|Protect|p2a: Diancie","|-singleturn|p2a: Diancie|Protect","|move|p1a: Empoleon|Scald|p2a: Diancie","|-activate|p2a: Diancie|Protect","|","|-heal|p1a: Empoleon|96/372 brn|[from] item: Leftovers","|-damage|p1a: Empoleon|50/372 brn|[from] brn","|turn|24","|choice|move scald 1|move earthpower","|","|move|p2a: Diancie|Earth Power|p1a: Empoleon","|-supereffective|p1a: Empoleon","|-damage|p1a: Empoleon|0 fnt","|faint|p1a: Empoleon","|","|choice|switch 6|","|","|switch|p1a: Whimsicott|Whimsicott, F|229/261","|-damage|p1a: Whimsicott|197/261|[from] Stealth Rock","|turn|25","|choice|move gigadrain 1|move ancientpower","|","|move|p1a: Whimsicott|Giga Drain|p2a: Diancie","|-supereffective|p2a: Diancie","|-damage|p2a: Diancie|77/241","|-heal|p1a: Whimsicott|261/261|[from] drain|[of] p2a: Diancie","|move|p2a: Diancie|Ancient Power|p1a: Whimsicott","|-damage|p1a: Whimsicott|95/261","|","|turn|26","|choice|move gigadrain 1|switch 3","|","|switch|p2a: Victini|Victini|341/341","|move|p1a: Whimsicott|Giga Drain|p2a: Victini","|-resisted|p2a: Victini","|-damage|p2a: Victini|290/341","|-heal|p1a: Whimsicott|121/261|[from] drain|[of] p2a: Victini","|","|turn|27","|choice|switch 4|move vcreate","|","|switch|p1a: Reuniclus|Reuniclus, M|424/424","|move|p2a: Victini|V-create|p1a: Reuniclus","|-damage|p1a: Reuniclus|198/424","|-unboost|p2a: Victini|spe|1","|-unboost|p2a: Victini|def|1","|-unboost|p2a: Victini|spd|1","|","|-heal|p1a: Reuniclus|224/424|[from] item: Leftovers","|turn|28","|choice|move shadowball 1|switch 4","|","|switch|p2a: Jirachi|Jirachi|341/341","|move|p1a: Reuniclus|Shadow Ball|p2a: Jirachi","|-supereffective|p2a: Jirachi","|-damage|p2a: Jirachi|189/341","|","|-heal|p1a: Reuniclus|250/424|[from] item: Leftovers","|turn|29","|choice|move recover|move ironhead","|","|move|p2a: Jirachi|Iron Head|p1a: Reuniclus","|-damage|p1a: Reuniclus|144/424","|cant|p1a: Reuniclus|flinch","|","|-heal|p1a: Reuniclus|170/424|[from] item: Leftovers","|turn|30","|choice|move recover|move ironhead","|","|move|p2a: Jirachi|Iron Head|p1a: Reuniclus","|-damage|p1a: Reuniclus|62/424","|cant|p1a: Reuniclus|flinch","|","|-heal|p1a: Reuniclus|88/424|[from] item: Leftovers","|turn|31","|choice|move shadowball 1|move ironhead","|","|move|p2a: Jirachi|Iron Head|p1a: Reuniclus","|-damage|p1a: Reuniclus|0 fnt","|faint|p1a: Reuniclus","|","|choice|switch 2|","|","|switch|p1a: Beedrill|Beedrill-Mega, M|271/271","|-damage|p1a: Beedrill|204/271|[from] Stealth Rock","|turn|32","|choice|move drillrun 1|move ironhead","|","|move|p2a: Jirachi|Iron Head|p1a: Beedrill","|-damage|p1a: Beedrill|0 fnt","|faint|p1a: Beedrill","|","|choice|switch 4|","|","|switch|p1a: Whimsicott|Whimsicott, F|121/261","|-damage|p1a: Whimsicott|89/261|[from] Stealth Rock","|turn|33","|choice|move gigadrain 1|move ironhead","|","|move|p2a: Jirachi|Iron Head|p1a: Whimsicott","|-supereffective|p1a: Whimsicott","|-damage|p1a: Whimsicott|0 fnt","|faint|p1a: Whimsicott","|","|win|ShinxTheJinx"],"p1rating":1164.0499224419289,"p2rating":1221.407547749008,"endType":"normal"}