{"seed":[2439,13400,60563,37562],"turns":17,"p1":"BatterBotto","p2":"Elcrest ☢","p1team":[{"name":"U.N. Oven Was Her","species":"rotomheat","item":"leftovers","ability":"Levitate","moves":["overheat","voltswitch","painsplit","thunderwave"],"nature":"Bold","evs":{"hp":248,"atk":0,"def":216,"spa":0,"spd":0,"spe":44},"ivs":{"hp":31,"atk":0,"def":31,"spa":31,"spd":31,"spe":31}},{"name":"D'Artagnan","species":"keldeoresolute","item":"choicespecs","ability":"Justified","moves":["hydropump","secretsword","scald","icywind"],"nature":"Timid","evs":{"hp":0,"atk":0,"def":0,"spa":252,"spd":4,"spe":252},"ivs":{"hp":31,"atk":0,"def":31,"spa":31,"spd":31,"spe":31}},{"name":"Diglett Sr.","species":"excadrill","item":"lifeorb","ability":"Sand Rush","moves":["earthquake","ironhead","rockslide","rapidspin"],"nature":"Adamant","evs":{"hp":0,"atk":252,"def":4,"spa":0,"spd":0,"spe":252},"gender":"M","ivs":{"hp":31,"atk":31,"def":31,"spa":31,"spd":31,"spe":31}},{"name":"Armor","species":"tyranitar","item":"smoothrock","ability":"Sand Stream","moves":["rockslide","icebeam","stealthrock","pursuit"],"nature":"Sassy","evs":{"hp":252,"atk":0,"def":0,"spa":4,"spd":252,"spe":0},"gender":"M","ivs":{"hp":31,"atk":31,"def":31,"spa":31,"spd":31,"spe":31}},{"name":"SNEK STAHP","species":"serperior","item":"expertbelt","ability":"Contrary","moves":["leafstorm","hiddenpowerfire","dragonpulse","knockoff"],"nature":"Timid","evs":{"hp":0,"atk":0,"def":0,"spa":252,"spd":4,"spe":252},"gender":"F","ivs":{"hp":31,"atk":30,"def":31,"spa":30,"spd":31,"spe":30}},{"name":"Waifumon","species":"gardevoir","item":"gardevoirite","ability":"Trace","moves":["hypervoice","psyshock","taunt","healingwish"],"nature":"Timid","evs":{"hp":16,"atk":0,"def":8,"spa":232,"spd":0,"spe":252},"gender":"F","ivs":{"hp":31,"atk":0,"def":31,"spa":31,"spd":31,"spe":31}}],"p2team":[{"name":"Clefable","species":"Clefable","item":"leftovers","ability":"Magic Guard","moves":["cosmicpower","storedpower","moonblast","softboiled"],"nature":"Bold","evs":{"hp":4,"atk":0,"def":252,"spa":0,"spd":252,"spe":0},"ivs":{"hp":31,"atk":0,"def":31,"spa":31,"spd":31,"spe":31}},{"name":"Weavile","species":"Weavile","item":"focussash","ability":"Pressure","moves":["fakeout","knockoff","iciclecrash","brickbreak"],"nature":"Jolly","evs":{"hp":0,"atk":252,"def":0,"spa":0,"spd":4,"spe":252},"ivs":{"hp":31,"atk":31,"def":31,"spa":31,"spd":31,"spe":31}},{"name":"Sceptile","species":"Sceptile","item":"sceptilite","ability":"Overgrow","moves":["dragonpulse","energyball","focusblast","toxic"],"nature":"Timid","evs":{"hp":0,"atk":0,"def":0,"spa":252,"spd":4,"spe":252},"ivs":{"hp":31,"atk":0,"def":31,"spa":31,"spd":31,"spe":31}},{"name":"Hawlucha","species":"Hawlucha","item":"powerherb","ability":"Unburden","moves":["swordsdance","skyattack","acrobatics","highjumpkick"],"nature":"Jolly","evs":{"hp":0,"atk":252,"def":0,"spa":0,"spd":4,"spe":252},"ivs":{"hp":31,"atk":31,"def":31,"spa":31,"spd":31,"spe":31}},{"name":"Dragonite","species":"Dragonite","item":"weaknesspolicy","ability":"Multiscale","moves":["dragondance","extremespeed","outrage","brickbreak"],"nature":"Jolly","evs":{"hp":0,"atk":0,"def":252,"spa":0,"spd":252,"spe":4},"ivs":{"hp":31,"atk":31,"def":31,"spa":31,"spd":31,"spe":31}},{"name":"Breloom","species":"Breloom","item":"focussash","ability":"Technician","moves":["spore","machpunch","swordsdance","rockslide"],"nature":"Adamant","evs":{"hp":0,"atk":252,"def":0,"spa":0,"spd":4,"spe":252},"ivs":{"hp":31,"atk":31,"def":31,"spa":31,"spd":31,"spe":31}}],"log":["|player|p1|BatterBotto|batterbotto.png","|player|p2|Elcrest ☢|273","|gametype|singles","|gen|6","|tier|OU","|rated","|seed|2439,13400,60563,37562","|clearpoke","|poke|p1|Rotom-Heat|item","|poke|p1|Keldeo-Resolute|item","|poke|p1|Excadrill, M|item","|poke|p1|Tyranitar, M|item","|poke|p1|Serperior, F|item","|poke|p1|Gardevoir, F|item","|poke|p2|Clefable, M|item","|poke|p2|Weavile, M|item","|poke|p2|Sceptile, F|item","|poke|p2|Hawlucha, F|item","|poke|p2|Dragonite, M|item","|poke|p2|Breloom, F|item","|rule|Swagger Clause: Swagger is banned","|rule|Baton Pass Clause: Limit one Baton Passer, can't pass Spe and other stats simultaneously","|rule|Sleep Clause Mod: Limit one foe put to sleep","|rule|Species Clause: Limit one of each Pokémon","|rule|OHKO Clause: OHKO moves are banned","|rule|Moody Clause: Moody is banned","|rule|Evasion Moves Clause: Evasion moves are banned","|rule|Endless Battle Clause: Forcing endless battles is banned","|rule|HP Percentage Mod: HP is shown in percentages","|teampreview","|choice|team 4, team 1, team 2, team 3, team 5, team 6|team 6, team 2, team 3, team 4, team 5, team 1","|","|start","|switch|p1a: Armor|Tyranitar, M|404/404","|switch|p2a: Breloom|Breloom, F|261/261","|-weather|Sandstorm|[from] ability: Sand Stream|[of] p1a: Armor","|turn|1","|choice|switch 6|move spore","|","|switch|p1a: Waifumon|Gardevoir, F|281/281","|-ability|p1a: Waifumon|Technician|[from] ability: Trace|[of] p2a: Breloom","|move|p2a: Breloom|Spore|p1a: Waifumon","|-status|p1a: Waifumon|slp","|","|-weather|Sandstorm|[upkeep]","|-damage|p1a: Waifumon|264/281 slp|[from] sandstorm","|-damage|p2a: Breloom|245/261|[from] sandstorm","|turn|2","|choice|move psyshock 1 mega|move swordsdance","|","|detailschange|p1a: Waifumon|Gardevoir-Mega, F","|-mega|p1a: Waifumon|Gardevoir|Gardevoirite","|cant|p1a: Waifumon|slp","|move|p2a: Breloom|Swords Dance|p2a: Breloom","|-boost|p2a: Breloom|atk|2","|","|-weather|Sandstorm|[upkeep]","|-damage|p1a: Waifumon|247/281 slp|[from] sandstorm","|-damage|p2a: Breloom|229/261|[from] sandstorm","|turn|3","|choice|move hypervoice|move machpunch","|","|move|p2a: Breloom|Mach Punch|p1a: Waifumon","|-resisted|p1a: Waifumon","|-damage|p1a: Waifumon|168/281 slp","|-curestatus|p1a: Waifumon|slp|[msg]","|move|p1a: Waifumon|Hyper Voice|p2a: Breloom","|-supereffective|p2a: Breloom","|-damage|p2a: Breloom|0 fnt","|faint|p2a: Breloom","|","|-weather|Sandstorm|[upkeep]","|-damage|p1a: Waifumon|151/281|[from] sandstorm","|choice||switch 4","|","|switch|p2a: Hawlucha|Hawlucha, F|297/297","|turn|4","|choice|move hypervoice|move skyattack","|","|move|p2a: Hawlucha|Sky Attack|p1a: Waifumon|[still]","|-prepare|p2a: Hawlucha|Sky Attack|p1a: Waifumon","|-enditem|p2a: Hawlucha|Power Herb","|-anim|p2a: Hawlucha|Sky Attack|p1a: Waifumon","|-crit|p1a: Waifumon","|-damage|p1a: Waifumon|0 fnt","|faint|p1a: Waifumon","|","|-weather|Sandstorm|[upkeep]","|-damage|p2a: Hawlucha|279/297|[from] sandstorm","|choice|switch 2|","|","|switch|p1a: U.N. Oven Was Her|Rotom-Heat|303/303","|turn|5","|choice|move thunderwave 1|move acrobatics","|","|move|p2a: Hawlucha|Acrobatics|p1a: U.N. Oven Was Her","|-resisted|p1a: U.N. Oven Was Her","|-damage|p1a: U.N. Oven Was Her|244/303","|move|p1a: U.N. Oven Was Her|Thunder Wave|p2a: Hawlucha","|-status|p2a: Hawlucha|par","|","|-weather|Sandstorm|[upkeep]","|-damage|p1a: U.N. Oven Was Her|226/303|[from] sandstorm","|-damage|p2a: Hawlucha|261/297 par|[from] sandstorm","|-heal|p1a: U.N. Oven Was Her|244/303|[from] item: Leftovers","|turn|6","|choice|move painsplit 1|move highjumpkick","|","|move|p1a: U.N. Oven Was Her|Pain Split|p2a: Hawlucha","|-sethp|p2a: Hawlucha|252/297 par|p1a: U.N. Oven Was Her|252/303|[from] move: Pain Split","|move|p2a: Hawlucha|High Jump Kick|p1a: U.N. Oven Was Her","|-damage|p1a: U.N. Oven Was Her|123/303","|","|-weather|Sandstorm|[upkeep]","|-damage|p1a: U.N. Oven Was Her|105/303|[from] sandstorm","|-damage|p2a: Hawlucha|234/297 par|[from] sandstorm","|-heal|p1a: U.N. Oven Was Her|123/303|[from] item: Leftovers","|turn|7","|choice|move overheat 1|move highjumpkick","|","|move|p1a: U.N. Oven Was Her|Overheat|p2a: Hawlucha","|-damage|p2a: Hawlucha|8/297 par","|-unboost|p1a: U.N. Oven Was Her|spa|2","|move|p2a: Hawlucha|High Jump Kick|p1a: U.N. Oven Was Her","|-damage|p1a: U.N. Oven Was Her|0 fnt","|faint|p1a: U.N. Oven Was Her","|","|-weather|Sandstorm|[upkeep]","|-damage|p2a: Hawlucha|0 fnt|[from] sandstorm","|faint|p2a: Hawlucha","|choice|switch 3|switch 3","|","|switch|p2a: Sceptile|Sceptile, F|281/281","|switch|p1a: D'Artagnan|Keldeo-Resolute|323/323","|turn|8","|choice|move hydropump 1|move energyball mega","|","|detailschange|p2a: Sceptile|Sceptile-Mega, F","|-mega|p2a: Sceptile|Sceptile|Sceptilite","|move|p2a: Sceptile|Energy Ball|p1a: D'Artagnan","|-supereffective|p1a: D'Artagnan","|-damage|p1a: D'Artagnan|0 fnt","|faint|p1a: D'Artagnan","|","|-weather|none","|choice|switch 4|","|","|switch|p1a: Diglett Sr.|Excadrill, M|361/361","|turn|9","|choice|move ironhead 1|move focusblast","|","|move|p2a: Sceptile|Focus Blast|p1a: Diglett Sr.|[miss]","|-miss|p2a: Sceptile|p1a: Diglett Sr.","|move|p1a: Diglett Sr.|Iron Head|p2a: Sceptile","|-crit|p2a: Sceptile","|-damage|p2a: Sceptile|0 fnt","|-damage|p1a: Diglett Sr.|325/361|[from] item: Life Orb","|faint|p2a: Sceptile","|","|choice||switch 2","|","|switch|p2a: Weavile|Weavile, M|281/281","|-ability|p2a: Weavile|Pressure","|turn|10","|choice|move earthquake|move fakeout","|","|move|p2a: Weavile|Fake Out|p1a: Diglett Sr.","|-resisted|p1a: Diglett Sr.","|-damage|p1a: Diglett Sr.|291/361","|cant|p1a: Diglett Sr.|flinch","|","|turn|11","|choice|move ironhead 1|move brickbreak","|","|move|p2a: Weavile|Brick Break|p1a: Diglett Sr.","|-supereffective|p1a: Diglett Sr.","|-damage|p1a: Diglett Sr.|57/361","|move|p1a: Diglett Sr.|Iron Head|p2a: Weavile","|-supereffective|p2a: Weavile","|-enditem|p2a: Weavile|Focus Sash","|-damage|p2a: Weavile|1/281","|-damage|p1a: Diglett Sr.|21/361|[from] item: Life Orb","|","|turn|12","|choice|move ironhead 1|move brickbreak","|","|move|p2a: Weavile|Brick Break|p1a: Diglett Sr.","|-supereffective|p1a: Diglett Sr.","|-damage|p1a: Diglett Sr.|0 fnt","|faint|p1a: Diglett Sr.","|","|choice|switch 6|","|","|switch|p1a: Armor|Tyranitar, M|404/404","|-weather|Sandstorm|[from] ability: Sand Stream|[of] p1a: Armor","|turn|13","|choice|move rockslide|move brickbreak","|","|move|p2a: Weavile|Brick Break|p1a: Armor","|-supereffective|p1a: Armor","|-damage|p1a: Armor|104/404","|move|p1a: Armor|Rock Slide|p2a: Weavile","|-supereffective|p2a: Weavile","|-damage|p2a: Weavile|0 fnt","|faint|p2a: Weavile","|","|-weather|Sandstorm|[upkeep]","|choice||switch 5","|","|switch|p2a: Dragonite|Dragonite, M|323/323","|turn|14","|choice|move icebeam 1|move brickbreak","|","|move|p2a: Dragonite|Brick Break|p1a: Armor","|-supereffective|p1a: Armor","|-damage|p1a: Armor|0 fnt","|faint|p1a: Armor","|","|-weather|Sandstorm|[upkeep]","|-damage|p2a: Dragonite|303/323|[from] sandstorm","|choice|switch 5|","|","|switch|p1a: SNEK STAHP|Serperior, F|291/291","|turn|15","|choice|move dragonpulse 1|move dragondance","|","|move|p1a: SNEK STAHP|Dragon Pulse|p2a: Dragonite","|-supereffective|p2a: Dragonite","|-damage|p2a: Dragonite|157/323","|-enditem|p2a: Dragonite|Weakness Policy","|-boost|p2a: Dragonite|atk|2","|-boost|p2a: Dragonite|spa|2","|move|p2a: Dragonite|Dragon Dance|p2a: Dragonite","|-boost|p2a: Dragonite|atk|1","|-boost|p2a: Dragonite|spe|1","|","|-weather|Sandstorm|[upkeep]","|-damage|p1a: SNEK STAHP|273/291|[from] sandstorm","|-damage|p2a: Dragonite|137/323|[from] sandstorm","|turn|16","|choice|move dragonpulse 1|move extremespeed","|","|move|p2a: Dragonite|Extreme Speed|p1a: SNEK STAHP","|-damage|p1a: SNEK STAHP|58/291","|move|p1a: SNEK STAHP|Dragon Pulse|p2a: Dragonite","|-supereffective|p2a: Dragonite","|-crit|p2a: Dragonite","|-damage|p2a: Dragonite|0 fnt","|faint|p2a: Dragonite","|","|-weather|Sandstorm|[upkeep]","|-damage|p1a: SNEK STAHP|40/291|[from] sandstorm","|choice||switch 6","|","|switch|p2a: Clefable|Clefable, M|332/332","|turn|17","|choice|move leafstorm 1|move moonblast","|","|move|p1a: SNEK STAHP|Leaf Storm|p2a: Clefable","|-damage|p2a: Clefable|194/332","|-boost|p1a: SNEK STAHP|spa|2","|move|p2a: Clefable|Moonblast|p1a: SNEK STAHP","|-damage|p1a: SNEK STAHP|0 fnt","|faint|p1a: SNEK STAHP","|","|win|Elcrest ☢"],"p1rating":1150.50440811007,"p2rating":1386.7805163617745,"endType":"normal"}