{"seed":[64985,12623,61310,13571],"turns":21,"p1":"BatterBotto","p2":"Elcrest ☢","p1team":[{"name":"Charizard","species":"Charizard","item":"charizarditex","ability":"Blaze","moves":["dragondance","dragonclaw","flareblitz","earthquake"],"nature":"Jolly","evs":{"hp":0,"atk":252,"def":0,"spa":0,"spd":4,"spe":252},"ivs":{"hp":31,"atk":31,"def":31,"spa":31,"spd":31,"spe":31}},{"name":"Darmanitan","species":"Darmanitan","item":"choicescarf","ability":"Sheer Force","moves":["flareblitz","uturn","earthquake","superpower"],"nature":"Adamant","evs":{"hp":0,"atk":252,"def":0,"spa":0,"spd":4,"spe":252},"ivs":{"hp":31,"atk":31,"def":31,"spa":31,"spd":31,"spe":31}},{"name":"Absol","species":"Absol","item":"lifeorb","ability":"Super Luck","moves":["knockoff","suckerpunch","psychocut","superpower"],"nature":"Adamant","evs":{"hp":0,"atk":252,"def":0,"spa":0,"spd":4,"spe":252},"ivs":{"hp":31,"atk":31,"def":31,"spa":31,"spd":31,"spe":31}},{"name":"Excadrill","species":"Excadrill","item":"lifeorb","ability":"Sand Rush","moves":["earthquake","ironhead","rockslide","rapidspin"],"nature":"Jolly","evs":{"hp":0,"atk":252,"def":0,"spa":0,"spd":4,"spe":252},"ivs":{"hp":31,"atk":31,"def":31,"spa":31,"spd":31,"spe":31}},{"name":"Zapdos","species":"Zapdos","item":"lifeorb","ability":"Pressure","moves":["thunderbolt","defog","heatwave","hiddenpowerice"],"nature":"Timid","evs":{"hp":0,"atk":0,"def":0,"spa":252,"spd":4,"spe":252},"ivs":{"hp":31,"atk":0,"def":30,"spa":31,"spd":31,"spe":31}},{"name":"Lucario","species":"Lucario","item":"lifeorb","ability":"Inner Focus","moves":["closecombat","extremespeed","icepunch","blazekick"],"nature":"Jolly","evs":{"hp":0,"atk":252,"def":0,"spa":0,"spd":4,"spe":252},"ivs":{"hp":31,"atk":31,"def":31,"spa":31,"spd":31,"spe":31}}],"p2team":[{"name":"Clefable","species":"Clefable","item":"leftovers","ability":"Magic Guard","moves":["cosmicpower","storedpower","moonblast","softboiled"],"nature":"Bold","evs":{"hp":4,"atk":0,"def":252,"spa":0,"spd":252,"spe":0},"ivs":{"hp":31,"atk":0,"def":31,"spa":31,"spd":31,"spe":31}},{"name":"Weavile","species":"Weavile","item":"focussash","ability":"Pressure","moves":["fakeout","knockoff","iciclecrash","brickbreak"],"nature":"Jolly","evs":{"hp":0,"atk":252,"def":0,"spa":0,"spd":4,"spe":252},"ivs":{"hp":31,"atk":31,"def":31,"spa":31,"spd":31,"spe":31}},{"name":"Sceptile","species":"Sceptile","item":"sceptilite","ability":"Overgrow","moves":["dragonpulse","energyball","focusblast","toxic"],"nature":"Timid","evs":{"hp":0,"atk":0,"def":0,"spa":252,"spd":4,"spe":252},"ivs":{"hp":31,"atk":0,"def":31,"spa":31,"spd":31,"spe":31}},{"name":"Hawlucha","species":"Hawlucha","item":"powerherb","ability":"Unburden","moves":["swordsdance","skyattack","acrobatics","highjumpkick"],"nature":"Jolly","evs":{"hp":0,"atk":252,"def":0,"spa":0,"spd":4,"spe":252},"ivs":{"hp":31,"atk":31,"def":31,"spa":31,"spd":31,"spe":31}},{"name":"Dragonite","species":"Dragonite","item":"weaknesspolicy","ability":"Multiscale","moves":["dragondance","extremespeed","outrage","brickbreak"],"nature":"Jolly","evs":{"hp":0,"atk":0,"def":252,"spa":0,"spd":252,"spe":4},"ivs":{"hp":31,"atk":31,"def":31,"spa":31,"spd":31,"spe":31}},{"name":"Breloom","species":"Breloom","item":"focussash","ability":"Technician","moves":["spore","machpunch","swordsdance","rockslide"],"nature":"Adamant","evs":{"hp":0,"atk":252,"def":0,"spa":0,"spd":4,"spe":252},"ivs":{"hp":31,"atk":31,"def":31,"spa":31,"spd":31,"spe":31}}],"log":["|player|p1|BatterBotto|batterbotto.png","|player|p2|Elcrest ☢|273","|gametype|singles","|gen|6","|tier|OU","|rated","|seed|64985,12623,61310,13571","|clearpoke","|poke|p1|Charizard, M|item","|poke|p1|Darmanitan, M|item","|poke|p1|Absol, M|item","|poke|p1|Excadrill, M|item","|poke|p1|Zapdos|item","|poke|p1|Lucario, M|item","|poke|p2|Clefable, F|item","|poke|p2|Weavile, M|item","|poke|p2|Sceptile, F|item","|poke|p2|Hawlucha, M|item","|poke|p2|Dragonite, M|item","|poke|p2|Breloom, M|item","|rule|Swagger Clause: Swagger is banned","|rule|Baton Pass Clause: Limit one Baton Passer, can't pass Spe and other stats simultaneously","|rule|Sleep Clause Mod: Limit one foe put to sleep","|rule|Species Clause: Limit one of each Pokémon","|rule|OHKO Clause: OHKO moves are banned","|rule|Moody Clause: Moody is banned","|rule|Evasion Moves Clause: Evasion moves are banned","|rule|Endless Battle Clause: Forcing endless battles is banned","|rule|HP Percentage Mod: HP is shown in percentages","|teampreview","|choice|team 6, team 1, team 2, team 3, team 4, team 5|team 6, team 2, team 3, team 4, team 5, team 1","|","|start","|switch|p1a: Lucario|Lucario, M|281/281","|switch|p2a: Breloom|Breloom, M|261/261","|turn|1","|choice|move blazekick 1|move spore","|","|move|p1a: Lucario|Blaze Kick|p2a: Breloom","|-supereffective|p2a: Breloom","|-enditem|p2a: Breloom|Focus Sash","|-damage|p2a: Breloom|1/261","|-damage|p1a: Lucario|253/281|[from] item: Life Orb","|move|p2a: Breloom|Spore|p1a: Lucario","|-status|p1a: Lucario|slp","|","|turn|2","|choice|move blazekick 1|move swordsdance","|","|cant|p1a: Lucario|slp","|move|p2a: Breloom|Swords Dance|p2a: Breloom","|-boost|p2a: Breloom|atk|2","|","|turn|3","|choice|move blazekick 1|move machpunch","|","|move|p2a: Breloom|Mach Punch|p1a: Lucario","|-supereffective|p1a: Lucario","|-damage|p1a: Lucario|0 fnt","|faint|p1a: Lucario","|","|choice|switch 2|","|","|switch|p1a: Charizard|Charizard, M|297/297","|turn|4","|choice|move flareblitz 1 mega|move rockslide","|","|detailschange|p1a: Charizard|Charizard-Mega-X, M","|-mega|p1a: Charizard|Charizard|Charizardite X","|move|p1a: Charizard|Flare Blitz|p2a: Breloom","|-supereffective|p2a: Breloom","|-damage|p2a: Breloom|0 fnt","|-damage|p1a: Charizard|296/297|[from] recoil|[of] p2a: Breloom","|faint|p2a: Breloom","|","|choice||switch 3","|","|switch|p2a: Sceptile|Sceptile, F|281/281","|turn|5","|choice|move flareblitz 1|move dragonpulse","|","|move|p2a: Sceptile|Dragon Pulse|p1a: Charizard","|-supereffective|p1a: Charizard","|-damage|p1a: Charizard|100/297","|move|p1a: Charizard|Flare Blitz|p2a: Sceptile","|-supereffective|p2a: Sceptile","|-damage|p2a: Sceptile|0 fnt","|-damage|p1a: Charizard|7/297|[from] recoil|[of] p2a: Sceptile","|faint|p2a: Sceptile","|","|choice||switch 2","|","|switch|p2a: Weavile|Weavile, M|281/281","|-ability|p2a: Weavile|Pressure","|turn|6","|choice|move flareblitz 1|move fakeout","|","|move|p2a: Weavile|Fake Out|p1a: Charizard","|-damage|p1a: Charizard|0 fnt","|faint|p1a: Charizard","|","|choice|switch 4|","|","|switch|p1a: Absol|Absol, M|271/271","|turn|7","|choice|move superpower 1|move brickbreak","|","|move|p2a: Weavile|Brick Break|p1a: Absol","|-supereffective|p1a: Absol","|-damage|p1a: Absol|15/271","|move|p1a: Absol|Superpower|p2a: Weavile","|-supereffective|p2a: Weavile","|-enditem|p2a: Weavile|Focus Sash","|-damage|p2a: Weavile|1/281","|-unboost|p1a: Absol|atk|1","|-unboost|p1a: Absol|def|1","|-damage|p1a: Absol|0 fnt|[from] item: Life Orb","|faint|p1a: Absol","|","|choice|switch 3|","|","|switch|p1a: Darmanitan|Darmanitan, M|351/351","|turn|8","|choice|move earthquake|move knockoff","|","|move|p1a: Darmanitan|Earthquake|p2a: Weavile","|-crit|p2a: Weavile","|-damage|p2a: Weavile|0 fnt","|faint|p2a: Weavile","|","|choice||switch 4","|","|switch|p2a: Hawlucha|Hawlucha, M|297/297","|turn|9","|choice|switch 6|move skyattack","|","|switch|p1a: Zapdos|Zapdos|321/321","|-ability|p1a: Zapdos|Pressure","|move|p2a: Hawlucha|Sky Attack|p1a: Zapdos|[still]|[miss]","|-prepare|p2a: Hawlucha|Sky Attack|p1a: Zapdos","|-enditem|p2a: Hawlucha|Power Herb","|-anim|p2a: Hawlucha|Sky Attack|p1a: Zapdos","|-miss|p2a: Hawlucha|p1a: Zapdos","|","|turn|10","|choice|move thunderbolt 1|move swordsdance","|","|move|p2a: Hawlucha|Swords Dance|p2a: Hawlucha","|-boost|p2a: Hawlucha|atk|2","|move|p1a: Zapdos|Thunderbolt|p2a: Hawlucha","|-supereffective|p2a: Hawlucha","|-damage|p2a: Hawlucha|0 fnt","|-damage|p1a: Zapdos|289/321|[from] item: Life Orb","|faint|p2a: Hawlucha","|","|choice||switch 5","|","|switch|p2a: Dragonite|Dragonite, M|323/323","|turn|11","|choice|move hiddenpower 1|move dragondance","|","|move|p1a: Zapdos|Hidden Power|p2a: Dragonite","|-supereffective|p2a: Dragonite","|-damage|p2a: Dragonite|177/323","|-enditem|p2a: Dragonite|Weakness Policy","|-boost|p2a: Dragonite|atk|2","|-boost|p2a: Dragonite|spa|2","|-damage|p1a: Zapdos|257/321|[from] item: Life Orb","|move|p2a: Dragonite|Dragon Dance|p2a: Dragonite","|-boost|p2a: Dragonite|atk|1","|-boost|p2a: Dragonite|spe|1","|","|turn|12","|choice|move thunderbolt 1|move outrage","|","|move|p1a: Zapdos|Thunderbolt|p2a: Dragonite","|-damage|p2a: Dragonite|24/323","|-damage|p1a: Zapdos|225/321|[from] item: Life Orb","|move|p2a: Dragonite|Outrage|p1a: Zapdos","|-damage|p1a: Zapdos|0 fnt","|faint|p1a: Zapdos","|","|choice|switch 5|","|","|switch|p1a: Excadrill|Excadrill, M|361/361","|turn|13","|choice|move rockslide|move outrage","|","|move|p2a: Dragonite|Outrage|p1a: Excadrill|[from]lockedmove","|-resisted|p1a: Excadrill","|-damage|p1a: Excadrill|0 fnt","|-start|p2a: Dragonite|confusion|[fatigue]","|faint|p1a: Excadrill","|","|choice|switch 6|","|","|switch|p1a: Darmanitan|Darmanitan, M|351/351","|turn|14","|choice|move superpower 1|move outrage","|","|move|p1a: Darmanitan|Superpower|p2a: Dragonite","|-resisted|p2a: Dragonite","|-damage|p2a: Dragonite|0 fnt","|-unboost|p1a: Darmanitan|atk|1","|-unboost|p1a: Darmanitan|def|1","|faint|p2a: Dragonite","|","|choice||switch 6","|","|switch|p2a: Clefable|Clefable, F|332/332","|turn|15","|choice|move superpower 1|move cosmicpower","|","|move|p1a: Darmanitan|Superpower|p2a: Clefable","|-resisted|p2a: Clefable","|-damage|p2a: Clefable|282/332","|-unboost|p1a: Darmanitan|atk|1","|-unboost|p1a: Darmanitan|def|1","|move|p2a: Clefable|Cosmic Power|p2a: Clefable","|-boost|p2a: Clefable|def|1","|-boost|p2a: Clefable|spd|1","|","|-heal|p2a: Clefable|302/332|[from] item: Leftovers","|turn|16","|choice|move superpower 1|move cosmicpower","|","|move|p1a: Darmanitan|Superpower|p2a: Clefable","|-resisted|p2a: Clefable","|-damage|p2a: Clefable|279/332","|-unboost|p1a: Darmanitan|atk|1","|-unboost|p1a: Darmanitan|def|1","|move|p2a: Clefable|Cosmic Power|p2a: Clefable","|-boost|p2a: Clefable|def|1","|-boost|p2a: Clefable|spd|1","|","|-heal|p2a: Clefable|299/332|[from] item: Leftovers","|turn|17","|choice|move superpower 1|move cosmicpower","|","|move|p1a: Darmanitan|Superpower|p2a: Clefable","|-resisted|p2a: Clefable","|-damage|p2a: Clefable|283/332","|-unboost|p1a: Darmanitan|atk|1","|-unboost|p1a: Darmanitan|def|1","|move|p2a: Clefable|Cosmic Power|p2a: Clefable","|-boost|p2a: Clefable|def|1","|-boost|p2a: Clefable|spd|1","|","|-heal|p2a: Clefable|303/332|[from] item: Leftovers","|turn|18","|choice|move superpower 1|move cosmicpower","|","|move|p1a: Darmanitan|Superpower|p2a: Clefable","|-resisted|p2a: Clefable","|-damage|p2a: Clefable|293/332","|-unboost|p1a: Darmanitan|atk|1","|-unboost|p1a: Darmanitan|def|1","|move|p2a: Clefable|Cosmic Power|p2a: Clefable","|-boost|p2a: Clefable|def|1","|-boost|p2a: Clefable|spd|1","|","|-heal|p2a: Clefable|313/332|[from] item: Leftovers","|turn|19","|choice|move superpower 1|move cosmicpower","|","|move|p1a: Darmanitan|Superpower|p2a: Clefable","|-resisted|p2a: Clefable","|-damage|p2a: Clefable|306/332","|-unboost|p1a: Darmanitan|atk|1","|-unboost|p1a: Darmanitan|def|1","|move|p2a: Clefable|Cosmic Power|p2a: Clefable","|-boost|p2a: Clefable|def|1","|-boost|p2a: Clefable|spd|1","|","|-heal|p2a: Clefable|326/332|[from] item: Leftovers","|turn|20","|choice|move superpower 1|move storedpower","|","|move|p1a: Darmanitan|Superpower|p2a: Clefable","|-resisted|p2a: Clefable","|-damage|p2a: Clefable|320/332","|move|p2a: Clefable|Stored Power|p1a: Darmanitan","|-damage|p1a: Darmanitan|74/351","|","|-heal|p2a: Clefable|332/332|[from] item: Leftovers","|turn|21","|choice|move superpower 1|move storedpower","|","|move|p1a: Darmanitan|Superpower|p2a: Clefable","|-resisted|p2a: Clefable","|-damage|p2a: Clefable|327/332","|move|p2a: Clefable|Stored Power|p1a: Darmanitan","|-damage|p1a: Darmanitan|0 fnt","|faint|p1a: Darmanitan","|","|win|Elcrest ☢"],"p1rating":1100.8611067951147,"p2rating":1262.8459630187606,"endType":"normal"}