{"seed":[42104,5529,596,17807],"turns":19,"p1":"BatterBotto","p2":"Digital Edge","p1team":[{"name":"U.N. Oven Was Her","species":"rotomheat","item":"leftovers","ability":"Levitate","moves":["overheat","voltswitch","painsplit","thunderwave"],"nature":"Bold","evs":{"hp":248,"atk":0,"def":216,"spa":0,"spd":0,"spe":44},"ivs":{"hp":31,"atk":0,"def":31,"spa":31,"spd":31,"spe":31}},{"name":"D'Artagnan","species":"keldeoresolute","item":"choicespecs","ability":"Justified","moves":["hydropump","secretsword","scald","icywind"],"nature":"Timid","evs":{"hp":0,"atk":0,"def":0,"spa":252,"spd":4,"spe":252},"ivs":{"hp":31,"atk":0,"def":31,"spa":31,"spd":31,"spe":31}},{"name":"Diglett Sr.","species":"excadrill","item":"lifeorb","ability":"Sand Rush","moves":["earthquake","ironhead","rockslide","rapidspin"],"nature":"Adamant","evs":{"hp":0,"atk":252,"def":4,"spa":0,"spd":0,"spe":252},"gender":"M","ivs":{"hp":31,"atk":31,"def":31,"spa":31,"spd":31,"spe":31}},{"name":"Armor","species":"tyranitar","item":"smoothrock","ability":"Sand Stream","moves":["rockslide","icebeam","stealthrock","pursuit"],"nature":"Sassy","evs":{"hp":252,"atk":0,"def":0,"spa":4,"spd":252,"spe":0},"gender":"M","ivs":{"hp":31,"atk":31,"def":31,"spa":31,"spd":31,"spe":31}},{"name":"SNEK STAHP","species":"serperior","item":"expertbelt","ability":"Contrary","moves":["leafstorm","hiddenpowerfire","dragonpulse","knockoff"],"nature":"Timid","evs":{"hp":0,"atk":0,"def":0,"spa":252,"spd":4,"spe":252},"gender":"F","ivs":{"hp":31,"atk":30,"def":31,"spa":30,"spd":31,"spe":30}},{"name":"Waifumon","species":"gardevoir","item":"gardevoirite","ability":"Trace","moves":["hypervoice","psyshock","taunt","healingwish"],"nature":"Timid","evs":{"hp":16,"atk":0,"def":8,"spa":232,"spd":0,"spe":252},"gender":"F","ivs":{"hp":31,"atk":0,"def":31,"spa":31,"spd":31,"spe":31}}],"p2team":[{"name":"SSD","species":"metagross","item":"metagrossite","ability":"Clear Body","moves":["meteormash","bulletpunch","hammerarm","zenheadbutt"],"nature":"Adamant","evs":{"hp":0,"atk":252,"def":0,"spa":0,"spd":4,"spe":252},"ivs":{"hp":31,"atk":31,"def":31,"spa":31,"spd":31,"spe":31}},{"name":"FTLO","species":"talonflame","item":"leftovers","ability":"Gale Wings","moves":["fireblast","bravebird","willowisp","roost"],"nature":"Brave","evs":{"hp":136,"atk":252,"def":0,"spa":120,"spd":0,"spe":0},"ivs":{"hp":31,"atk":31,"def":31,"spa":31,"spd":31,"spe":31}},{"name":"Weav","species":"weavile","item":"choiceband","ability":"Pressure","moves":["lowkick","iciclecrash","knockoff","pursuit"],"nature":"Adamant","evs":{"hp":0,"atk":252,"def":0,"spa":0,"spd":4,"spe":252},"ivs":{"hp":31,"atk":31,"def":31,"spa":31,"spd":31,"spe":31}},{"name":"Absolute","species":"absol","item":"lifeorb","ability":"Super Luck","moves":["pursuit","suckerpunch","fireblast","zenheadbutt"],"nature":"Lonely","evs":{"hp":0,"atk":252,"def":0,"spa":4,"spd":0,"spe":252},"gender":"F","shiny":true,"ivs":{"hp":31,"atk":31,"def":31,"spa":31,"spd":31,"spe":31}},{"name":"England","species":"nidoqueen","item":"lifeorb","ability":"Sheer Force","moves":["earthpower","sludgewave","flamethrower","shadowball"],"nature":"Modest","evs":{"hp":0,"atk":0,"def":0,"spa":252,"spd":4,"spe":252},"ivs":{"hp":31,"atk":0,"def":31,"spa":31,"spd":31,"spe":31}},{"name":"FuckTalon","species":"rotomwash","item":"leftovers","ability":"Levitate","moves":["hydropump","willowisp","voltswitch","painsplit"],"nature":"Calm","evs":{"hp":252,"atk":0,"def":0,"spa":4,"spd":252,"spe":0},"ivs":{"hp":31,"atk":0,"def":31,"spa":31,"spd":31,"spe":31}}],"log":["|player|p1|BatterBotto|batterbotto.png","|player|p2|Digital Edge|digitaledge.png","|gametype|singles","|gen|6","|tier|OU","|rated","|seed|42104,5529,596,17807","|clearpoke","|poke|p1|Rotom-Heat|item","|poke|p1|Keldeo-Resolute|item","|poke|p1|Excadrill, M|item","|poke|p1|Tyranitar, M|item","|poke|p1|Serperior, F|item","|poke|p1|Gardevoir, F|item","|poke|p2|Metagross|item","|poke|p2|Talonflame, M|item","|poke|p2|Weavile, F|item","|poke|p2|Absol, F, shiny|item","|poke|p2|Nidoqueen, F|item","|poke|p2|Rotom-Wash|item","|rule|Swagger Clause: Swagger is banned","|rule|Baton Pass Clause: Limit one Baton Passer, can't pass Spe and other stats simultaneously","|rule|Sleep Clause Mod: Limit one foe put to sleep","|rule|Species Clause: Limit one of each Pokémon","|rule|OHKO Clause: OHKO moves are banned","|rule|Moody Clause: Moody is banned","|rule|Evasion Moves Clause: Evasion moves are banned","|rule|Endless Battle Clause: Forcing endless battles is banned","|rule|HP Percentage Mod: HP is shown in percentages","|teampreview","|choice|team 4, team 1, team 2, team 3, team 5, team 6|team 5, team 2, team 3, team 4, team 1, team 6","|","|start","|switch|p1a: Armor|Tyranitar, M|404/404","|switch|p2a: England|Nidoqueen, F|321/321","|-weather|Sandstorm|[from] ability: Sand Stream|[of] p1a: Armor","|turn|1","|choice|switch 4|move earthpower","|","|switch|p1a: Diglett Sr.|Excadrill, M|361/361","|move|p2a: England|Earth Power|p1a: Diglett Sr.","|-supereffective|p1a: Diglett Sr.","|-damage|p1a: Diglett Sr.|0 fnt","|faint|p1a: Diglett Sr.","|","|-weather|Sandstorm|[upkeep]","|choice|switch 3|","|","|switch|p1a: D'Artagnan|Keldeo-Resolute|323/323","|turn|2","|choice|move scald 1|switch 6","|","|switch|p2a: FuckTalon|Rotom-Wash|304/304","|move|p1a: D'Artagnan|Scald|p2a: FuckTalon","|-resisted|p2a: FuckTalon","|-damage|p2a: FuckTalon|233/304","|-status|p2a: FuckTalon|brn","|","|-weather|Sandstorm|[upkeep]","|-damage|p1a: D'Artagnan|303/323|[from] sandstorm","|-damage|p2a: FuckTalon|214/304 brn|[from] sandstorm","|-heal|p2a: FuckTalon|233/304 brn|[from] item: Leftovers","|-damage|p2a: FuckTalon|195/304 brn|[from] brn","|turn|3","|choice|move scald 1|move voltswitch","|","|move|p1a: D'Artagnan|Scald|p2a: FuckTalon","|-resisted|p2a: FuckTalon","|-damage|p2a: FuckTalon|120/304 brn","|move|p2a: FuckTalon|Volt Switch|p1a: D'Artagnan","|-supereffective|p1a: D'Artagnan","|-damage|p1a: D'Artagnan|115/323","|choice||switch 2","|","|switch|p2a: FTLO|Talonflame, M|331/331","|","|-weather|Sandstorm|[upkeep]","|-damage|p1a: D'Artagnan|95/323|[from] sandstorm","|-damage|p2a: FTLO|311/331|[from] sandstorm","|-heal|p2a: FTLO|331/331|[from] item: Leftovers","|turn|4","|choice|move scald 1|move bravebird","|","|move|p2a: FTLO|Brave Bird|p1a: D'Artagnan","|-supereffective|p1a: D'Artagnan","|-damage|p1a: D'Artagnan|0 fnt","|-damage|p2a: FTLO|300/331|[from] recoil|[of] p1a: D'Artagnan","|faint|p1a: D'Artagnan","|","|-weather|Sandstorm|[upkeep]","|-damage|p2a: FTLO|280/331|[from] sandstorm","|-heal|p2a: FTLO|300/331|[from] item: Leftovers","|choice|switch 4|","|","|switch|p1a: Armor|Tyranitar, M|404/404","|turn|5","|choice|move rockslide|switch 5","|","|switch|p2a: SSD|Metagross|301/301","|move|p1a: Armor|Rock Slide|p2a: SSD","|-resisted|p2a: SSD","|-damage|p2a: SSD|259/301","|","|-weather|Sandstorm|[upkeep]","|turn|6","|choice|switch 2|move hammerarm mega","|","|switch|p1a: U.N. Oven Was Her|Rotom-Heat|303/303","|detailschange|p2a: SSD|Metagross-Mega","|-mega|p2a: SSD|Metagross|Metagrossite","|move|p2a: SSD|Hammer Arm|p1a: U.N. Oven Was Her","|-damage|p1a: U.N. Oven Was Her|170/303","|-unboost|p2a: SSD|spe|1","|","|-weather|Sandstorm|[upkeep]","|-damage|p1a: U.N. Oven Was Her|152/303|[from] sandstorm","|-heal|p1a: U.N. Oven Was Her|170/303|[from] item: Leftovers","|turn|7","|choice|move overheat 1|switch 5","|","|switch|p2a: FTLO|Talonflame, M|300/331","|move|p1a: U.N. Oven Was Her|Overheat|p2a: FTLO","|-resisted|p2a: FTLO","|-damage|p2a: FTLO|195/331","|-unboost|p1a: U.N. Oven Was Her|spa|2","|","|-weather|Sandstorm|[upkeep]","|-damage|p2a: FTLO|175/331|[from] sandstorm","|-damage|p1a: U.N. Oven Was Her|152/303|[from] sandstorm","|-heal|p2a: FTLO|195/331|[from] item: Leftovers","|-heal|p1a: U.N. Oven Was Her|170/303|[from] item: Leftovers","|turn|8","|choice|move painsplit 1|switch 6","|","|switch|p2a: England|Nidoqueen, F|321/321","|move|p1a: U.N. Oven Was Her|Pain Split|p2a: England","|-sethp|p2a: England|245/321|p1a: U.N. Oven Was Her|245/303|[from] move: Pain Split","|","|-weather|none","|-heal|p1a: U.N. Oven Was Her|263/303|[from] item: Leftovers","|turn|9","|choice|switch 5|move sludgewave","|","|switch|p1a: SNEK STAHP|Serperior, F|291/291","|move|p2a: England|Sludge Wave|p1a: SNEK STAHP","|-supereffective|p1a: SNEK STAHP","|-damage|p1a: SNEK STAHP|0 fnt","|faint|p1a: SNEK STAHP","|","|choice|switch 2|","|","|switch|p1a: Armor|Tyranitar, M|404/404","|-weather|Sandstorm|[from] ability: Sand Stream|[of] p1a: Armor","|turn|10","|choice|move icebeam 1|move earthpower","|","|move|p2a: England|Earth Power|p1a: Armor","|-supereffective|p1a: Armor","|-crit|p1a: Armor","|-damage|p1a: Armor|113/404","|move|p1a: Armor|Ice Beam|p2a: England","|-supereffective|p2a: England","|-damage|p2a: England|85/321","|","|-weather|Sandstorm|[upkeep]","|turn|11","|choice|move icebeam 1|move earthpower","|","|move|p2a: England|Earth Power|p1a: Armor","|-supereffective|p1a: Armor","|-damage|p1a: Armor|0 fnt","|faint|p1a: Armor","|","|-weather|Sandstorm|[upkeep]","|choice|switch 6|","|","|switch|p1a: Waifumon|Gardevoir, F|281/281","|-ability|p1a: Waifumon|Sheer Force|[from] ability: Trace|[of] p2a: England","|turn|12","|choice|move hypervoice mega|move sludgewave","|","|detailschange|p1a: Waifumon|Gardevoir-Mega, F","|-mega|p1a: Waifumon|Gardevoir|Gardevoirite","|move|p1a: Waifumon|Hyper Voice|p2a: England","|-resisted|p2a: England","|-damage|p2a: England|0 fnt","|faint|p2a: England","|","|-weather|Sandstorm|[upkeep]","|-damage|p1a: Waifumon|264/281|[from] sandstorm","|choice||switch 5","|","|switch|p2a: SSD|Metagross-Mega|259/301","|turn|13","|choice|switch 5|move bulletpunch","|","|switch|p1a: U.N. Oven Was Her|Rotom-Heat|263/303","|move|p2a: SSD|Bullet Punch|p1a: U.N. Oven Was Her","|-resisted|p1a: U.N. Oven Was Her","|-damage|p1a: U.N. Oven Was Her|245/303","|","|-weather|Sandstorm|[upkeep]","|-damage|p1a: U.N. Oven Was Her|227/303|[from] sandstorm","|-heal|p1a: U.N. Oven Was Her|245/303|[from] item: Leftovers","|turn|14","|choice|move overheat 1|switch 2","|","|switch|p2a: FuckTalon|Rotom-Wash|120/304 brn","|move|p1a: U.N. Oven Was Her|Overheat|p2a: FuckTalon","|-resisted|p2a: FuckTalon","|-damage|p2a: FuckTalon|62/304 brn","|-unboost|p1a: U.N. Oven Was Her|spa|2","|","|-weather|Sandstorm|[upkeep]","|-damage|p1a: U.N. Oven Was Her|227/303|[from] sandstorm","|-damage|p2a: FuckTalon|43/304 brn|[from] sandstorm","|-heal|p1a: U.N. Oven Was Her|245/303|[from] item: Leftovers","|-heal|p2a: FuckTalon|62/304 brn|[from] item: Leftovers","|-damage|p2a: FuckTalon|24/304 brn|[from] brn","|turn|15","|choice|move voltswitch 1|move hydropump","|","|move|p1a: U.N. Oven Was Her|Volt Switch|p2a: FuckTalon","|-damage|p2a: FuckTalon|0 fnt","|faint|p2a: FuckTalon","|choice|switch 5|","|","|switch|p1a: Waifumon|Gardevoir-Mega, F|264/281","|","|-weather|Sandstorm|[upkeep]","|-damage|p1a: Waifumon|247/281|[from] sandstorm","|choice||switch 6","|","|switch|p2a: FTLO|Talonflame, M|195/331","|turn|16","|choice|move psyshock 1|move bravebird","|","|move|p2a: FTLO|Brave Bird|p1a: Waifumon","|-damage|p1a: Waifumon|0 fnt","|-damage|p2a: FTLO|113/331|[from] recoil|[of] p1a: Waifumon","|faint|p1a: Waifumon","|","|-weather|Sandstorm|[upkeep]","|-damage|p2a: FTLO|93/331|[from] sandstorm","|-heal|p2a: FTLO|113/331|[from] item: Leftovers","|choice|switch 5|","|","|switch|p1a: U.N. Oven Was Her|Rotom-Heat|245/303","|turn|17","|choice|move voltswitch 1|move bravebird","|","|move|p2a: FTLO|Brave Bird|p1a: U.N. Oven Was Her","|-resisted|p1a: U.N. Oven Was Her","|-damage|p1a: U.N. Oven Was Her|188/303","|-damage|p2a: FTLO|94/331|[from] recoil|[of] p1a: U.N. Oven Was Her","|move|p1a: U.N. Oven Was Her|Volt Switch|p2a: FTLO","|-supereffective|p2a: FTLO","|-damage|p2a: FTLO|0 fnt","|faint|p2a: FTLO","|","|-weather|none","|-heal|p1a: U.N. Oven Was Her|206/303|[from] item: Leftovers","|choice||switch 3","|","|switch|p2a: Weav|Weavile, F|281/281","|-ability|p2a: Weav|Pressure","|turn|18","|choice|move overheat 1|move knockoff","|","|move|p2a: Weav|Knock Off|p1a: U.N. Oven Was Her","|-damage|p1a: U.N. Oven Was Her|31/303","|-enditem|p1a: U.N. Oven Was Her|Leftovers|[from] move: Knock Off|[of] p2a: Weav","|move|p1a: U.N. Oven Was Her|Overheat|p2a: Weav","|-supereffective|p2a: Weav","|-crit|p2a: Weav","|-damage|p2a: Weav|0 fnt","|-unboost|p1a: U.N. Oven Was Her|spa|2","|faint|p2a: Weav","|","|choice||switch 4","|","|switch|p2a: Absolute|Absol, F, shiny|271/271","|turn|19","|choice|move overheat 1|move suckerpunch","|","|move|p2a: Absolute|Sucker Punch|p1a: U.N. Oven Was Her","|-damage|p1a: U.N. Oven Was Her|0 fnt","|-damage|p2a: Absolute|244/271|[from] item: Life Orb","|faint|p1a: U.N. Oven Was Her","|","|win|Digital Edge"],"p1rating":1060.4831275029999,"p2rating":1439.5884482595886,"endType":"normal"}