{"seed":[51620,18266,26550,65217],"turns":22,"p1":"BatterBotto","p2":"Digital Flame","p1team":[{"name":"U.N. Oven Was Her","species":"rotomheat","item":"leftovers","ability":"Levitate","moves":["overheat","voltswitch","painsplit","thunderwave"],"nature":"Bold","evs":{"hp":248,"atk":0,"def":216,"spa":0,"spd":0,"spe":44},"ivs":{"hp":31,"atk":0,"def":31,"spa":31,"spd":31,"spe":31}},{"name":"D'Artagnan","species":"keldeoresolute","item":"choicespecs","ability":"Justified","moves":["hydropump","secretsword","scald","icywind"],"nature":"Timid","evs":{"hp":0,"atk":0,"def":0,"spa":252,"spd":4,"spe":252},"ivs":{"hp":31,"atk":0,"def":31,"spa":31,"spd":31,"spe":31}},{"name":"Diglett Sr.","species":"excadrill","item":"lifeorb","ability":"Sand Rush","moves":["earthquake","ironhead","rockslide","rapidspin"],"nature":"Adamant","evs":{"hp":0,"atk":252,"def":4,"spa":0,"spd":0,"spe":252},"gender":"M","ivs":{"hp":31,"atk":31,"def":31,"spa":31,"spd":31,"spe":31}},{"name":"Armor","species":"tyranitar","item":"smoothrock","ability":"Sand Stream","moves":["rockslide","icebeam","stealthrock","pursuit"],"nature":"Sassy","evs":{"hp":252,"atk":0,"def":0,"spa":4,"spd":252,"spe":0},"gender":"M","ivs":{"hp":31,"atk":31,"def":31,"spa":31,"spd":31,"spe":31}},{"name":"SNEK STAHP","species":"serperior","item":"expertbelt","ability":"Contrary","moves":["leafstorm","hiddenpowerfire","dragonpulse","knockoff"],"nature":"Timid","evs":{"hp":0,"atk":0,"def":0,"spa":252,"spd":4,"spe":252},"gender":"F","ivs":{"hp":31,"atk":30,"def":31,"spa":30,"spd":31,"spe":30}},{"name":"Waifumon","species":"gardevoir","item":"gardevoirite","ability":"Trace","moves":["hypervoice","psyshock","taunt","healingwish"],"nature":"Timid","evs":{"hp":16,"atk":0,"def":8,"spa":232,"spd":0,"spe":252},"gender":"F","ivs":{"hp":31,"atk":0,"def":31,"spa":31,"spd":31,"spe":31}}],"p2team":[{"name":"SSD","species":"metagross","item":"metagrossite","ability":"Clear Body","moves":["meteormash","bulletpunch","hammerarm","zenheadbutt"],"nature":"Adamant","evs":{"hp":0,"atk":252,"def":0,"spa":0,"spd":4,"spe":252},"ivs":{"hp":31,"atk":31,"def":31,"spa":31,"spd":31,"spe":31}},{"name":"FTLO","species":"talonflame","item":"leftovers","ability":"Gale Wings","moves":["fireblast","bravebird","willowisp","roost"],"nature":"Brave","evs":{"hp":136,"atk":252,"def":0,"spa":120,"spd":0,"spe":0},"ivs":{"hp":31,"atk":31,"def":31,"spa":31,"spd":31,"spe":31}},{"name":"Weav","species":"weavile","item":"choiceband","ability":"Pressure","moves":["lowkick","iciclecrash","knockoff","pursuit"],"nature":"Adamant","evs":{"hp":0,"atk":252,"def":0,"spa":0,"spd":4,"spe":252},"ivs":{"hp":31,"atk":31,"def":31,"spa":31,"spd":31,"spe":31}},{"name":"Absolute","species":"absol","item":"lifeorb","ability":"Super Luck","moves":["pursuit","suckerpunch","fireblast","zenheadbutt"],"nature":"Lonely","evs":{"hp":0,"atk":252,"def":0,"spa":4,"spd":0,"spe":252},"gender":"F","shiny":true,"ivs":{"hp":31,"atk":31,"def":31,"spa":31,"spd":31,"spe":31}},{"name":"England","species":"nidoqueen","item":"lifeorb","ability":"Sheer Force","moves":["earthpower","sludgewave","flamethrower","shadowball"],"nature":"Modest","evs":{"hp":0,"atk":0,"def":0,"spa":252,"spd":4,"spe":252},"ivs":{"hp":31,"atk":0,"def":31,"spa":31,"spd":31,"spe":31}},{"name":"FuckTalon","species":"rotomwash","item":"leftovers","ability":"Levitate","moves":["hydropump","willowisp","voltswitch","painsplit"],"nature":"Calm","evs":{"hp":252,"atk":0,"def":0,"spa":4,"spd":252,"spe":0},"ivs":{"hp":31,"atk":0,"def":31,"spa":31,"spd":31,"spe":31}}],"log":["|player|p1|BatterBotto|batterbotto.png","|player|p2|Digital Flame|digitaledge.png","|gametype|singles","|gen|6","|tier|OU","|rated","|seed|51620,18266,26550,65217","|clearpoke","|poke|p1|Rotom-Heat|item","|poke|p1|Keldeo-Resolute|item","|poke|p1|Excadrill, M|item","|poke|p1|Tyranitar, M|item","|poke|p1|Serperior, F|item","|poke|p1|Gardevoir, F|item","|poke|p2|Metagross|item","|poke|p2|Talonflame, M|item","|poke|p2|Weavile, M|item","|poke|p2|Absol, F, shiny|item","|poke|p2|Nidoqueen, F|item","|poke|p2|Rotom-Wash|item","|rule|Swagger Clause: Swagger is banned","|rule|Baton Pass Clause: Limit one Baton Passer, can't pass Spe and other stats simultaneously","|rule|Sleep Clause Mod: Limit one foe put to sleep","|rule|Species Clause: Limit one of each Pokémon","|rule|OHKO Clause: OHKO moves are banned","|rule|Moody Clause: Moody is banned","|rule|Evasion Moves Clause: Evasion moves are banned","|rule|Endless Battle Clause: Forcing endless battles is banned","|rule|HP Percentage Mod: HP is shown in percentages","|teampreview","|choice|team 2, team 1, team 3, team 4, team 5, team 6|team 5, team 2, team 3, team 4, team 1, team 6","|","|start","|switch|p1a: D'Artagnan|Keldeo-Resolute|323/323","|switch|p2a: England|Nidoqueen, F|321/321","|turn|1","|choice|move hydropump 1|switch 6","|","|switch|p2a: FuckTalon|Rotom-Wash|304/304","|move|p1a: D'Artagnan|Hydro Pump|p2a: FuckTalon","|-resisted|p2a: FuckTalon","|-damage|p2a: FuckTalon|202/304","|","|-heal|p2a: FuckTalon|221/304|[from] item: Leftovers","|turn|2","|choice|move hydropump 1|move voltswitch","|","|move|p1a: D'Artagnan|Hydro Pump|p2a: FuckTalon","|-resisted|p2a: FuckTalon","|-damage|p2a: FuckTalon|127/304","|move|p2a: FuckTalon|Volt Switch|p1a: D'Artagnan","|-supereffective|p1a: D'Artagnan","|-damage|p1a: D'Artagnan|119/323","|choice||switch 2","|","|switch|p2a: FTLO|Talonflame, M|331/331","|","|turn|3","|choice|move hydropump 1|move bravebird","|","|move|p2a: FTLO|Brave Bird|p1a: D'Artagnan","|-supereffective|p1a: D'Artagnan","|-damage|p1a: D'Artagnan|0 fnt","|-damage|p2a: FTLO|292/331|[from] recoil|[of] p1a: D'Artagnan","|faint|p1a: D'Artagnan","|","|-heal|p2a: FTLO|312/331|[from] item: Leftovers","|choice|switch 4|","|","|switch|p1a: Armor|Tyranitar, M|404/404","|-weather|Sandstorm|[from] ability: Sand Stream|[of] p1a: Armor","|turn|4","|choice|move rockslide|switch 2","|","|switch|p2a: FuckTalon|Rotom-Wash|127/304","|move|p1a: Armor|Rock Slide|p2a: FuckTalon","|-damage|p2a: FuckTalon|28/304","|","|-weather|Sandstorm|[upkeep]","|-damage|p2a: FuckTalon|9/304|[from] sandstorm","|-heal|p2a: FuckTalon|28/304|[from] item: Leftovers","|turn|5","|choice|move pursuit 1|move willowisp","|","|move|p2a: FuckTalon|Will-O-Wisp|p1a: Armor","|-status|p1a: Armor|brn","|move|p1a: Armor|Pursuit|p2a: FuckTalon","|-damage|p2a: FuckTalon|0 fnt","|faint|p2a: FuckTalon","|","|-weather|Sandstorm|[upkeep]","|-damage|p1a: Armor|354/404 brn|[from] brn","|choice||switch 5","|","|switch|p2a: SSD|Metagross|301/301","|turn|6","|choice|switch 3|move meteormash mega","|","|switch|p1a: Diglett Sr.|Excadrill, M|361/361","|detailschange|p2a: SSD|Metagross-Mega","|-mega|p2a: SSD|Metagross|Metagrossite","|move|p2a: SSD|Meteor Mash|p1a: Diglett Sr.","|-resisted|p1a: Diglett Sr.","|-damage|p1a: Diglett Sr.|182/361","|-boost|p2a: SSD|atk|1","|","|-weather|Sandstorm|[upkeep]","|turn|7","|choice|move earthquake|switch 2","|","|switch|p2a: FTLO|Talonflame, M|312/331","|move|p1a: Diglett Sr.|Earthquake|p2a: FTLO","|-immune|p2a: FTLO|[msg]","|","|-weather|Sandstorm|[upkeep]","|-damage|p2a: FTLO|292/331|[from] sandstorm","|-heal|p2a: FTLO|312/331|[from] item: Leftovers","|turn|8","|choice|move rockslide|move bravebird","|","|move|p2a: FTLO|Brave Bird|p1a: Diglett Sr.","|-resisted|p1a: Diglett Sr.","|-damage|p1a: Diglett Sr.|56/361","|-damage|p2a: FTLO|270/331|[from] recoil|[of] p1a: Diglett Sr.","|move|p1a: Diglett Sr.|Rock Slide|p2a: FTLO","|-supereffective|p2a: FTLO","|-damage|p2a: FTLO|0 fnt","|-damage|p1a: Diglett Sr.|20/361|[from] item: Life Orb","|faint|p2a: FTLO","|","|-weather|Sandstorm|[upkeep]","|choice||switch 2","|","|switch|p2a: SSD|Metagross-Mega|301/301","|turn|9","|choice|move earthquake|move bulletpunch","|","|move|p2a: SSD|Bullet Punch|p1a: Diglett Sr.","|-resisted|p1a: Diglett Sr.","|-damage|p1a: Diglett Sr.|0 fnt","|faint|p1a: Diglett Sr.","|","|-weather|Sandstorm|[upkeep]","|choice|switch 2|","|","|switch|p1a: U.N. Oven Was Her|Rotom-Heat|303/303","|turn|10","|choice|move overheat 1|switch 6","|","|switch|p2a: England|Nidoqueen, F|321/321","|move|p1a: U.N. Oven Was Her|Overheat|p2a: England","|-damage|p2a: England|131/321","|-unboost|p1a: U.N. Oven Was Her|spa|2","|","|-weather|Sandstorm|[upkeep]","|-damage|p1a: U.N. Oven Was Her|285/303|[from] sandstorm","|-heal|p1a: U.N. Oven Was Her|303/303|[from] item: Leftovers","|turn|11","|choice|move overheat 1|move sludgewave","|","|move|p2a: England|Sludge Wave|p1a: U.N. Oven Was Her","|-damage|p1a: U.N. Oven Was Her|100/303","|move|p1a: U.N. Oven Was Her|Overheat|p2a: England","|-damage|p2a: England|35/321","|-unboost|p1a: U.N. Oven Was Her|spa|2","|","|-weather|none","|-heal|p1a: U.N. Oven Was Her|118/303|[from] item: Leftovers","|turn|12","|choice|move overheat 1|move sludgewave","|","|move|p2a: England|Sludge Wave|p1a: U.N. Oven Was Her","|-damage|p1a: U.N. Oven Was Her|0 fnt","|faint|p1a: U.N. Oven Was Her","|","|choice|switch 5|","|","|switch|p1a: SNEK STAHP|Serperior, F|291/291","|turn|13","|choice|move knockoff 1|move sludgewave","|","|move|p1a: SNEK STAHP|Knock Off|p2a: England","|-crit|p2a: England","|-damage|p2a: England|0 fnt","|-enditem|p2a: England|Life Orb|[from] move: Knock Off|[of] p1a: SNEK STAHP","|faint|p2a: England","|","|choice||switch 6","|","|switch|p2a: SSD|Metagross-Mega|301/301","|turn|14","|choice|move hiddenpower 1|move meteormash","|","|move|p1a: SNEK STAHP|Hidden Power|p2a: SSD","|-supereffective|p2a: SSD","|-damage|p2a: SSD|188/301","|move|p2a: SSD|Meteor Mash|p1a: SNEK STAHP|[miss]","|-miss|p2a: SSD|p1a: SNEK STAHP","|","|turn|15","|choice|move hiddenpower 1|move meteormash","|","|move|p1a: SNEK STAHP|Hidden Power|p2a: SSD","|-supereffective|p2a: SSD","|-damage|p2a: SSD|75/301","|move|p2a: SSD|Meteor Mash|p1a: SNEK STAHP","|-damage|p1a: SNEK STAHP|51/291","|-boost|p2a: SSD|atk|1","|","|turn|16","|choice|move hiddenpower 1|move meteormash","|","|move|p1a: SNEK STAHP|Hidden Power|p2a: SSD","|-supereffective|p2a: SSD","|-damage|p2a: SSD|0 fnt","|faint|p2a: SSD","|","|choice||switch 4","|","|switch|p2a: Absolute|Absol, F, shiny|271/271","|turn|17","|choice|move leafstorm 1|move suckerpunch","|","|move|p2a: Absolute|Sucker Punch|p1a: SNEK STAHP","|-damage|p1a: SNEK STAHP|0 fnt","|-damage|p2a: Absolute|244/271|[from] item: Life Orb","|faint|p1a: SNEK STAHP","|","|choice|switch 3|","|","|switch|p1a: Armor|Tyranitar, M|354/404 brn","|-weather|Sandstorm|[from] ability: Sand Stream|[of] p1a: Armor","|turn|18","|choice|move icebeam 1|move suckerpunch","|","|move|p2a: Absolute|Sucker Punch|p1a: Armor","|-resisted|p1a: Armor","|-damage|p1a: Armor|255/404 brn","|-damage|p2a: Absolute|217/271|[from] item: Life Orb","|move|p1a: Armor|Ice Beam|p2a: Absolute","|-damage|p2a: Absolute|109/271","|","|-weather|Sandstorm|[upkeep]","|-damage|p2a: Absolute|93/271|[from] sandstorm","|-damage|p1a: Armor|205/404 brn|[from] brn","|turn|19","|choice|move stealthrock|move suckerpunch","|","|move|p2a: Absolute|Sucker Punch|p1a: Armor|[still]","|-fail|p2a: Absolute","|move|p1a: Armor|Stealth Rock|p2a: Absolute","|-sidestart|p2: Digital Flame|move: Stealth Rock","|","|-weather|Sandstorm|[upkeep]","|-damage|p2a: Absolute|77/271|[from] sandstorm","|-damage|p1a: Armor|155/404 brn|[from] brn","|turn|20","|choice|move rockslide|move suckerpunch","|","|move|p2a: Absolute|Sucker Punch|p1a: Armor","|-resisted|p1a: Armor","|-damage|p1a: Armor|60/404 brn","|-damage|p2a: Absolute|50/271|[from] item: Life Orb","|move|p1a: Armor|Rock Slide|p2a: Absolute","|-damage|p2a: Absolute|0 fnt","|faint|p2a: Absolute","|","|-weather|Sandstorm|[upkeep]","|-damage|p1a: Armor|10/404 brn|[from] brn","|choice||switch 3","|","|switch|p2a: Weav|Weavile, M|281/281","|-damage|p2a: Weav|211/281|[from] Stealth Rock","|-ability|p2a: Weav|Pressure","|turn|21","|choice|move rockslide|move iciclecrash","|","|move|p2a: Weav|Icicle Crash|p1a: Armor","|-damage|p1a: Armor|0 fnt","|faint|p1a: Armor","|","|-weather|Sandstorm|[upkeep]","|-damage|p2a: Weav|194/281|[from] sandstorm","|choice|switch 6|","|","|switch|p1a: Waifumon|Gardevoir, F|281/281","|-ability|p1a: Waifumon|Pressure|[from] ability: Trace|[of] p2a: Weav","|-ability|p1a: Waifumon|Pressure","|turn|22","|choice|move hypervoice mega|move iciclecrash","|","|detailschange|p1a: Waifumon|Gardevoir-Mega, F","|-mega|p1a: Waifumon|Gardevoir|Gardevoirite","|move|p2a: Weav|Icicle Crash|p1a: Waifumon","|-damage|p1a: Waifumon|0 fnt","|faint|p1a: Waifumon","|","|win|Digital Flame"],"p1rating":1168.849946783821,"p2rating":1238.002485244495,"endType":"normal"}