{"seed":[55972,6544,32454,56891],"turns":26,"p1":"Digital Flame","p2":"ShinxTheJinx","p1team":[{"name":"Sableye","species":"Sableye","item":"sablenite","ability":"Prankster","moves":["fakeout","foulplay","willowisp","recover"],"nature":"Impish","evs":{"hp":252,"atk":0,"def":160,"spa":0,"spd":96,"spe":0},"ivs":{"hp":31,"atk":31,"def":31,"spa":31,"spd":31,"spe":31}},{"name":"Talonflame","species":"Talonflame","item":"leftovers","ability":"Gale Wings","moves":["bravebird","roost","willowisp","taunt"],"nature":"Careful","evs":{"hp":248,"atk":0,"def":0,"spa":0,"spd":252,"spe":8},"ivs":{"hp":31,"atk":31,"def":31,"spa":31,"spd":31,"spe":31}},{"name":"Skarmory","species":"Skarmory","item":"rockyhelmet","ability":"Sturdy","moves":["ironhead","whirlwind","defog","roost"],"nature":"Impish","evs":{"hp":252,"atk":0,"def":232,"spa":0,"spd":0,"spe":24},"ivs":{"hp":31,"atk":31,"def":31,"spa":31,"spd":31,"spe":31}},{"name":"Chansey","species":"Chansey","item":"eviolite","ability":"Natural Cure","moves":["stealthrock","seismictoss","healbell","softboiled"],"nature":"Bold","evs":{"hp":12,"atk":0,"def":248,"spa":0,"spd":248,"spe":0},"ivs":{"hp":31,"atk":0,"def":31,"spa":31,"spd":31,"spe":31}},{"name":"Quagsire","species":"Quagsire","item":"leftovers","ability":"Unaware","moves":["scald","earthquake","recover","toxic"],"nature":"Relaxed","evs":{"hp":252,"atk":0,"def":252,"spa":0,"spd":4,"spe":0},"ivs":{"hp":31,"atk":31,"def":31,"spa":31,"spd":31,"spe":31}},{"name":"Tangrowth","species":"Tangrowth","item":"assaultvest","ability":"Regenerator","moves":["gigadrain","hiddenpowerice","knockoff","earthquake"],"nature":"Sassy","evs":{"hp":252,"atk":0,"def":4,"spa":0,"spd":252,"spe":0},"ivs":{"hp":31,"atk":30,"def":30,"spa":31,"spd":31,"spe":31}}],"p2team":[{"name":"Manaphy","species":"Manaphy","item":"lifeorb","ability":"Hydration","moves":["tailglow","surf","icebeam","energyball"],"nature":"Timid","evs":{"hp":0,"atk":0,"def":0,"spa":252,"spd":4,"spe":252},"ivs":{"hp":31,"atk":0,"def":31,"spa":31,"spd":31,"spe":31}},{"name":"Diancie","species":"Diancie","item":"diancite","ability":"Clear Body","moves":["protect","ancientpower","moonblast","earthpower"],"nature":"Timid","evs":{"hp":0,"atk":0,"def":0,"spa":252,"spd":4,"spe":252},"ivs":{"hp":31,"atk":0,"def":31,"spa":31,"spd":31,"spe":31}},{"name":"Victini","species":"Victini","item":"choicescarf","ability":"Victory Star","moves":["vcreate","zenheadbutt","uturn","boltstrike"],"nature":"Jolly","evs":{"hp":0,"atk":252,"def":0,"spa":0,"spd":4,"spe":252},"ivs":{"hp":31,"atk":31,"def":31,"spa":31,"spd":31,"spe":31}},{"name":"Jirachi","species":"Jirachi","item":"choicescarf","ability":"Serene Grace","moves":["ironhead","zenheadbutt","firepunch","bodyslam"],"nature":"Jolly","evs":{"hp":0,"atk":252,"def":0,"spa":0,"spd":4,"spe":252},"ivs":{"hp":31,"atk":31,"def":31,"spa":31,"spd":31,"spe":31}},{"name":"Skarmory","species":"Skarmory","item":"leftovers","ability":"Sturdy","moves":["defog","spikes","stealthrock","whirlwind"],"nature":"Bold","evs":{"hp":24,"atk":0,"def":232,"spa":0,"spd":252,"spe":0},"ivs":{"hp":31,"atk":0,"def":31,"spa":31,"spd":31,"spe":31}},{"name":"Talonflame","species":"Talonflame","item":"lifeorb","ability":"Gale Wings","moves":["bravebird","flareblitz","swordsdance","willowisp"],"nature":"Jolly","evs":{"hp":0,"atk":252,"def":0,"spa":0,"spd":4,"spe":252},"ivs":{"hp":31,"atk":31,"def":31,"spa":31,"spd":31,"spe":31}}],"log":["|player|p1|Digital Flame|digitaledge.png","|player|p2|ShinxTheJinx|200","|gametype|singles","|gen|6","|tier|OU","|rated","|seed|55972,6544,32454,56891","|clearpoke","|poke|p1|Sableye, F|item","|poke|p1|Talonflame, M|item","|poke|p1|Skarmory, M|item","|poke|p1|Chansey, F|item","|poke|p1|Quagsire, F|item","|poke|p1|Tangrowth, M|item","|poke|p2|Manaphy|item","|poke|p2|Diancie|item","|poke|p2|Victini|item","|poke|p2|Jirachi|item","|poke|p2|Skarmory, M|item","|poke|p2|Talonflame, F|item","|rule|Swagger Clause: Swagger is banned","|rule|Baton Pass Clause: Limit one Baton Passer, can't pass Spe and other stats simultaneously","|rule|Sleep Clause Mod: Limit one foe put to sleep","|rule|Species Clause: Limit one of each Pokémon","|rule|OHKO Clause: OHKO moves are banned","|rule|Moody Clause: Moody is banned","|rule|Evasion Moves Clause: Evasion moves are banned","|rule|Endless Battle Clause: Forcing endless battles is banned","|rule|HP Percentage Mod: HP is shown in percentages","|teampreview","|choice|team 6, team 2, team 3, team 4, team 5, team 1|team 2, team 1, team 3, team 4, team 5, team 6","|","|start","|switch|p1a: Tangrowth|Tangrowth, M|404/404","|switch|p2a: Diancie|Diancie|241/241","|turn|1","|choice|move gigadrain|switch 6","|","|switch|p2a: Talonflame|Talonflame, F|297/297","|move|p1a: Tangrowth|Giga Drain|p2a: Talonflame","|-resisted|p2a: Talonflame","|-damage|p2a: Talonflame|264/297","|","|turn|2","|choice|switch 5|move flareblitz","|","|switch|p1a: Quagsire|Quagsire, F|394/394","|move|p2a: Talonflame|Flare Blitz|p1a: Quagsire","|-resisted|p1a: Quagsire","|-damage|p1a: Quagsire|319/394","|-status|p1a: Quagsire|brn","|-damage|p2a: Talonflame|239/297|[from] recoil|[of] p1a: Quagsire","|-damage|p2a: Talonflame|210/297|[from] item: Life Orb","|","|-heal|p1a: Quagsire|343/394 brn|[from] item: Leftovers","|-damage|p1a: Quagsire|294/394 brn|[from] brn","|turn|3","|choice|switch 5|move bravebird","|","|switch|p1a: Tangrowth|Tangrowth, M|404/404","|move|p2a: Talonflame|Brave Bird|p1a: Tangrowth","|-supereffective|p1a: Tangrowth","|-damage|p1a: Tangrowth|45/404","|-damage|p2a: Talonflame|92/297|[from] recoil|[of] p1a: Tangrowth","|-damage|p2a: Talonflame|63/297|[from] item: Life Orb","|","|turn|4","|choice|switch 5|move flareblitz","|","|switch|p1a: Quagsire|Quagsire, F|294/394 brn","|move|p2a: Talonflame|Flare Blitz|p1a: Quagsire","|-resisted|p1a: Quagsire","|-damage|p1a: Quagsire|216/394 brn","|-damage|p2a: Talonflame|37/297|[from] recoil|[of] p1a: Quagsire","|-damage|p2a: Talonflame|8/297|[from] item: Life Orb","|","|-heal|p1a: Quagsire|240/394 brn|[from] item: Leftovers","|-damage|p1a: Quagsire|191/394 brn|[from] brn","|turn|5","|choice|move recover|move bravebird","|","|move|p2a: Talonflame|Brave Bird|p1a: Quagsire","|-damage|p1a: Quagsire|26/394 brn","|-damage|p2a: Talonflame|0 fnt|[from] recoil|[of] p1a: Quagsire","|faint|p2a: Talonflame","|move|p1a: Quagsire|Recover|p1a: Quagsire","|-heal|p1a: Quagsire|223/394 brn","|","|-heal|p1a: Quagsire|247/394 brn|[from] item: Leftovers","|-damage|p1a: Quagsire|198/394 brn|[from] brn","|choice||switch 5","|","|switch|p2a: Skarmory|Skarmory, M|277/277","|turn|6","|choice|switch 6|move stealthrock","|","|switch|p1a: Sableye|Sableye, F|304/304","|move|p2a: Skarmory|Stealth Rock|p1a: Sableye","|-sidestart|p1: Digital Flame|move: Stealth Rock","|","|turn|7","|choice|move willowisp mega|switch 6","|","|switch|p2a: Diancie|Diancie|241/241","|detailschange|p1a: Sableye|Sableye-Mega, F","|-mega|p1a: Sableye|Sableye|Sablenite","|move|p1a: Sableye|Will-O-Wisp|p2a: Diancie|[miss]","|-miss|p1a: Sableye|p2a: Diancie","|","|turn|8","|choice|switch 5|move moonblast mega","|","|switch|p1a: Tangrowth|Tangrowth, M|179/404","|-damage|p1a: Tangrowth|129/404|[from] Stealth Rock","|detailschange|p2a: Diancie|Diancie-Mega","|-mega|p2a: Diancie|Diancie|Diancite","|move|p2a: Diancie|Moonblast|p1a: Tangrowth","|-damage|p1a: Tangrowth|0 fnt","|faint|p1a: Tangrowth","|","|choice|switch 3|","|","|switch|p1a: Skarmory|Skarmory, M|334/334","|-damage|p1a: Skarmory|293/334|[from] Stealth Rock","|turn|9","|choice|switch 6|switch 6","|","|switch|p2a: Skarmory|Skarmory, M|277/277","|switch|p1a: Quagsire|Quagsire, F|198/394 brn","|-damage|p1a: Quagsire|174/394 brn|[from] Stealth Rock","|","|-heal|p1a: Quagsire|198/394 brn|[from] item: Leftovers","|-damage|p1a: Quagsire|149/394 brn|[from] brn","|turn|10","|choice|switch 5|move whirlwind","|","|switch|p1a: Sableye|Sableye-Mega, F|304/304","|-damage|p1a: Sableye|266/304|[from] Stealth Rock","|move|p2a: Skarmory|Whirlwind|p1a: Sableye","|move|p1a: Sableye|Whirlwind|p2a: Skarmory|[from]Magic Bounce","|drag|p2a: Diancie|Diancie-Mega|241/241","|","|turn|11","|choice|switch 6|move ancientpower","|","|switch|p1a: Skarmory|Skarmory, M|293/334","|-damage|p1a: Skarmory|252/334|[from] Stealth Rock","|move|p2a: Diancie|Ancient Power|p1a: Skarmory","|-damage|p1a: Skarmory|87/334","|","|turn|12","|choice|move ironhead|move ancientpower","|","|move|p2a: Diancie|Ancient Power|p1a: Skarmory","|-crit|p1a: Skarmory","|-damage|p1a: Skarmory|0 fnt","|faint|p1a: Skarmory","|","|choice|switch 5|","|","|switch|p1a: Quagsire|Quagsire, F|149/394 brn","|-damage|p1a: Quagsire|125/394 brn|[from] Stealth Rock","|turn|13","|choice|move scald|move moonblast","|","|move|p2a: Diancie|Moonblast|p1a: Quagsire","|-damage|p1a: Quagsire|0 fnt","|faint|p1a: Quagsire","|","|choice|switch 2|","|","|switch|p1a: Talonflame|Talonflame, M|359/359","|-damage|p1a: Talonflame|180/359|[from] Stealth Rock","|turn|14","|choice|move bravebird|move ancientpower","|","|move|p1a: Talonflame|Brave Bird|p2a: Diancie","|-resisted|p2a: Diancie","|-damage|p2a: Diancie|187/241","|-damage|p1a: Talonflame|162/359|[from] recoil|[of] p2a: Diancie","|move|p2a: Diancie|Ancient Power|p1a: Talonflame","|-supereffective|p1a: Talonflame","|-damage|p1a: Talonflame|0 fnt","|faint|p1a: Talonflame","|","|choice|switch 6|","|","|switch|p1a: Sableye|Sableye-Mega, F|266/304","|-damage|p1a: Sableye|228/304|[from] Stealth Rock","|turn|15","|choice|switch 4|move moonblast","|","|switch|p1a: Chansey|Chansey, F|644/644","|-damage|p1a: Chansey|564/644|[from] Stealth Rock","|move|p2a: Diancie|Moonblast|p1a: Chansey","|-damage|p1a: Chansey|465/644","|-unboost|p1a: Chansey|spa|1","|","|turn|16","|choice|move seismictoss|switch 6","|","|switch|p2a: Skarmory|Skarmory, M|277/277","|move|p1a: Chansey|Seismic Toss|p2a: Skarmory","|-damage|p2a: Skarmory|177/277","|","|-heal|p2a: Skarmory|194/277|[from] item: Leftovers","|turn|17","|choice|move softboiled|move whirlwind","|","|move|p1a: Chansey|Soft-Boiled|p1a: Chansey","|-heal|p1a: Chansey|644/644","|move|p2a: Skarmory|Whirlwind|p1a: Chansey","|drag|p1a: Sableye|Sableye-Mega, F|228/304","|-damage|p1a: Sableye|190/304|[from] Stealth Rock","|","|-heal|p2a: Skarmory|211/277|[from] item: Leftovers","|turn|18","|choice|move willowisp|move whirlwind","|","|move|p1a: Sableye|Will-O-Wisp|p2a: Skarmory","|-status|p2a: Skarmory|brn","|move|p2a: Skarmory|Whirlwind|p1a: Sableye","|move|p1a: Sableye|Whirlwind|p2a: Skarmory|[from]Magic Bounce","|drag|p2a: Diancie|Diancie-Mega|187/241","|","|turn|19","|choice|switch 4|move ancientpower","|","|switch|p1a: Chansey|Chansey, F|644/644","|-damage|p1a: Chansey|564/644|[from] Stealth Rock","|move|p2a: Diancie|Ancient Power|p1a: Chansey","|-damage|p1a: Chansey|503/644","|-boost|p2a: Diancie|atk|1","|-boost|p2a: Diancie|def|1","|-boost|p2a: Diancie|spa|1","|-boost|p2a: Diancie|spd|1","|-boost|p2a: Diancie|spe|1","|","|turn|20","|choice|move seismictoss|move ancientpower","|","|move|p2a: Diancie|Ancient Power|p1a: Chansey","|-damage|p1a: Chansey|409/644","|move|p1a: Chansey|Seismic Toss|p2a: Diancie","|-damage|p2a: Diancie|87/241","|","|turn|21","|choice|move seismictoss|move moonblast","|","|move|p2a: Diancie|Moonblast|p1a: Chansey","|-damage|p1a: Chansey|267/644","|move|p1a: Chansey|Seismic Toss|p2a: Diancie","|-damage|p2a: Diancie|0 fnt","|faint|p2a: Diancie","|","|choice||switch 4","|","|switch|p2a: Jirachi|Jirachi|341/341","|turn|22","|choice|switch 4|move ironhead","|","|switch|p1a: Sableye|Sableye-Mega, F|190/304","|-damage|p1a: Sableye|152/304|[from] Stealth Rock","|move|p2a: Jirachi|Iron Head|p1a: Sableye","|-damage|p1a: Sableye|76/304","|","|turn|23","|choice|move fakeout|move ironhead","|","|move|p1a: Sableye|Fake Out|p2a: Jirachi","|-resisted|p2a: Jirachi","|-damage|p2a: Jirachi|328/341","|cant|p2a: Jirachi|flinch","|","|turn|24","|choice|move willowisp|move ironhead","|","|move|p2a: Jirachi|Iron Head|p1a: Sableye","|-damage|p1a: Sableye|0 fnt","|faint|p1a: Sableye","|","|choice|switch 4|","|","|switch|p1a: Chansey|Chansey, F|267/644","|-damage|p1a: Chansey|187/644|[from] Stealth Rock","|turn|25","|choice|move softboiled|move ironhead","|","|move|p2a: Jirachi|Iron Head|p1a: Chansey","|-damage|p1a: Chansey|40/644","|cant|p1a: Chansey|flinch","|","|turn|26","|choice|move softboiled|move ironhead","|","|move|p2a: Jirachi|Iron Head|p1a: Chansey","|-damage|p1a: Chansey|0 fnt","|faint|p1a: Chansey","|","|win|ShinxTheJinx"],"p1rating":1211.9698993884822,"p2rating":1338.6214304482914,"endType":"normal"}