{"seed":[2048,55720,28262,16962],"turns":28,"p1":"BatterBotto","p2":"FlareonDriod","p1team":[{"name":"Seismitoad","species":"Seismitoad","item":"leftovers","ability":"Water Absorb","moves":["stealthrock","scald","earthpower","toxic"],"nature":"Bold","evs":{"hp":248,"atk":0,"def":240,"spa":0,"spd":20,"spe":0},"gender":"M","ivs":{"hp":31,"atk":0,"def":31,"spa":31,"spd":31,"spe":31}},{"name":"Skarmory","species":"Skarmory","item":"rockyhelmet","ability":"Sturdy","moves":["spikes","ironhead","roost","whirlwind"],"nature":"Impish","evs":{"hp":248,"atk":0,"def":0,"spa":0,"spd":236,"spe":24},"gender":"F","ivs":{"hp":31,"atk":31,"def":31,"spa":31,"spd":31,"spe":31}},{"name":"Clefable","species":"Clefable","item":"leftovers","ability":"Magic Guard","moves":["calmmind","moonblast","flamethrower","softboiled"],"nature":"Calm","evs":{"hp":252,"atk":0,"def":160,"spa":0,"spd":96,"spe":0},"gender":"F","ivs":{"hp":31,"atk":0,"def":31,"spa":31,"spd":31,"spe":31}},{"name":"Tyranitar","species":"Tyranitar","item":"choiceband","ability":"Sand Stream","moves":["pursuit","stoneedge","crunch","icepunch"],"nature":"Adamant","evs":{"hp":56,"atk":252,"def":4,"spa":0,"spd":0,"spe":196},"gender":"M","ivs":{"hp":31,"atk":31,"def":31,"spa":31,"spd":31,"spe":31}},{"name":"Gengar","species":"Gengar","item":"choicescarf","ability":"Levitate","moves":["shadowball","sludgewave","focusblast","trick"],"nature":"Timid","evs":{"hp":0,"atk":0,"def":0,"spa":252,"spd":4,"spe":252},"gender":"M","ivs":{"hp":31,"atk":0,"def":31,"spa":31,"spd":31,"spe":31},"shiny":true},{"name":"Latias","species":"Latias","item":"latiasite","ability":"Levitate","moves":["thunderbolt","icebeam","roost","thunderwave"],"nature":"Timid","evs":{"hp":248,"atk":0,"def":32,"spa":12,"spd":0,"spe":216},"ivs":{"hp":31,"atk":0,"def":31,"spa":31,"spd":31,"spe":31}}],"p2team":[{"name":"Beedrill","species":"Beedrill","item":"beedrillite","ability":"Swarm","moves":["uturn","poisonjab","drillrun","protect"],"nature":"Jolly","evs":{"hp":0,"atk":252,"def":0,"spa":0,"spd":4,"spe":252},"ivs":{"hp":31,"atk":31,"def":31,"spa":31,"spd":31,"spe":31}},{"name":"Whimsicott","species":"Whimsicott","item":"yacheberry","ability":"Prankster","moves":["gigadrain","moonblast","encore","uturn"],"nature":"Timid","evs":{"hp":0,"atk":0,"def":0,"spa":252,"spd":4,"spe":252},"ivs":{"hp":31,"atk":31,"def":31,"spa":31,"spd":31,"spe":31}},{"name":"Empoleon","species":"Empoleon","item":"leftovers","ability":"Torrent","moves":["scald","icebeam","stealthrock","defog"],"nature":"Calm","evs":{"hp":252,"atk":0,"def":0,"spa":4,"spd":252,"spe":0},"ivs":{"hp":31,"atk":0,"def":31,"spa":31,"spd":31,"spe":31}},{"name":"Reuniclus","species":"Reuniclus","item":"leftovers","ability":"Magic Guard","moves":["calmmind","psyshock","shadowball","recover"],"nature":"Bold","evs":{"hp":252,"atk":0,"def":252,"spa":4,"spd":0,"spe":0},"ivs":{"hp":31,"atk":0,"def":31,"spa":31,"spd":31,"spe":31}},{"name":"Toxicroak","species":"Toxicroak","item":"lifeorb","ability":"Dry Skin","moves":["swordsdance","gunkshot","drainpunch","suckerpunch"],"nature":"Jolly","evs":{"hp":0,"atk":252,"def":0,"spa":0,"spd":4,"spe":252},"ivs":{"hp":31,"atk":31,"def":31,"spa":31,"spd":31,"spe":31}},{"name":"Hydreigon","species":"Hydreigon","item":"choicescarf","ability":"Levitate","moves":["dracometeor","darkpulse","fireblast","uturn"],"nature":"Timid","evs":{"hp":0,"atk":0,"def":0,"spa":252,"spd":4,"spe":252},"ivs":{"hp":31,"atk":31,"def":31,"spa":31,"spd":31,"spe":31}}],"log":["|player|p1|BatterBotto|batterbotto.png","|player|p2|FlareonDriod|flareondriod.png","|gametype|singles","|gen|6","|tier|OU","|rated","|seed|2048,55720,28262,16962","|clearpoke","|poke|p1|Seismitoad, M|item","|poke|p1|Skarmory, F|item","|poke|p1|Clefable, F|item","|poke|p1|Tyranitar, M|item","|poke|p1|Gengar, M, shiny|item","|poke|p1|Latias, F|item","|poke|p2|Beedrill, F|item","|poke|p2|Whimsicott, F|item","|poke|p2|Empoleon, F|item","|poke|p2|Reuniclus, M|item","|poke|p2|Toxicroak, F|item","|poke|p2|Hydreigon, M|item","|rule|Swagger Clause: Swagger is banned","|rule|Baton Pass Clause: Limit one Baton Passer, can't pass Spe and other stats simultaneously","|rule|Sleep Clause Mod: Limit one foe put to sleep","|rule|Species Clause: Limit one of each Pokémon","|rule|OHKO Clause: OHKO moves are banned","|rule|Moody Clause: Moody is banned","|rule|Evasion Moves Clause: Evasion moves are banned","|rule|Endless Battle Clause: Forcing endless battles is banned","|rule|HP Percentage Mod: HP is shown in percentages","|teampreview","|choice|team 5, team 1, team 2, team 3, team 4, team 6|team 5, team 1, team 2, team 3, team 4, team 6","|","|start","|switch|p1a: Gengar|Gengar, M, shiny|261/261","|switch|p2a: Toxicroak|Toxicroak, F|307/307","|turn|1","|choice|move shadowball 1|move suckerpunch 1","|","|move|p2a: Toxicroak|Sucker Punch|p1a: Gengar","|-supereffective|p1a: Gengar","|-damage|p1a: Gengar|0 fnt","|-damage|p2a: Toxicroak|277/307|[from] item: Life Orb","|faint|p1a: Gengar","|","|choice|switch 3|","|","|switch|p1a: Skarmory|Skarmory, F|333/333","|turn|2","|choice|move ironhead 1|move suckerpunch 1","|","|move|p2a: Toxicroak|Sucker Punch|p1a: Skarmory","|-damage|p1a: Skarmory|265/333","|-damage|p2a: Toxicroak|226/307|[from] item: Rocky Helmet|[of] p1a: Skarmory","|-damage|p2a: Toxicroak|196/307|[from] item: Life Orb","|move|p1a: Skarmory|Iron Head|p2a: Toxicroak","|-damage|p2a: Toxicroak|76/307","|","|turn|3","|choice|move roost|move drainpunch 1","|","|move|p2a: Toxicroak|Drain Punch|p1a: Skarmory","|-damage|p1a: Skarmory|156/333","|-heal|p2a: Toxicroak|131/307|[from] drain|[of] p1a: Skarmory","|-damage|p2a: Toxicroak|80/307|[from] item: Rocky Helmet|[of] p1a: Skarmory","|-damage|p2a: Toxicroak|50/307|[from] item: Life Orb","|move|p1a: Skarmory|Roost|p1a: Skarmory","|-heal|p1a: Skarmory|323/333","|","|turn|4","|choice|move ironhead 1|move drainpunch 1","|","|move|p2a: Toxicroak|Drain Punch|p1a: Skarmory","|-damage|p1a: Skarmory|218/333","|-heal|p2a: Toxicroak|103/307|[from] drain|[of] p1a: Skarmory","|-damage|p2a: Toxicroak|52/307|[from] item: Rocky Helmet|[of] p1a: Skarmory","|-damage|p2a: Toxicroak|22/307|[from] item: Life Orb","|move|p1a: Skarmory|Iron Head|p2a: Toxicroak","|-damage|p2a: Toxicroak|0 fnt","|faint|p2a: Toxicroak","|","|choice||switch 4","|","|switch|p2a: Empoleon|Empoleon, F|372/372","|turn|5","|choice|switch 2|move icebeam 1","|","|switch|p1a: Seismitoad|Seismitoad, M|413/413","|move|p2a: Empoleon|Ice Beam|p1a: Seismitoad","|-crit|p1a: Seismitoad","|-damage|p1a: Seismitoad|270/413","|","|-heal|p1a: Seismitoad|295/413|[from] item: Leftovers","|turn|6","|choice|move stealthrock|switch 3","|","|switch|p2a: Whimsicott|Whimsicott, F|261/261","|move|p1a: Seismitoad|Stealth Rock|p2a: Whimsicott","|-sidestart|p2: FlareonDriod|move: Stealth Rock","|","|-heal|p1a: Seismitoad|320/413|[from] item: Leftovers","|turn|7","|choice|switch 2|move gigadrain 1","|","|switch|p1a: Skarmory|Skarmory, F|218/333","|move|p2a: Whimsicott|Giga Drain|p1a: Skarmory","|-resisted|p1a: Skarmory","|-damage|p1a: Skarmory|194/333","|","|turn|8","|choice|move roost|move moonblast 1","|","|move|p2a: Whimsicott|Moonblast|p1a: Skarmory","|-resisted|p1a: Skarmory","|-damage|p1a: Skarmory|140/333","|-unboost|p1a: Skarmory|spa|1","|move|p1a: Skarmory|Roost|p1a: Skarmory","|-heal|p1a: Skarmory|307/333","|","|turn|9","|choice|move ironhead 1|switch 3","|","|switch|p2a: Empoleon|Empoleon, F|372/372","|-damage|p2a: Empoleon|349/372|[from] Stealth Rock","|move|p1a: Skarmory|Iron Head|p2a: Empoleon","|-resisted|p2a: Empoleon","|-damage|p2a: Empoleon|328/372","|","|-heal|p2a: Empoleon|351/372|[from] item: Leftovers","|turn|10","|choice|switch 2|move stealthrock","|","|switch|p1a: Seismitoad|Seismitoad, M|320/413","|move|p2a: Empoleon|Stealth Rock|p1a: Seismitoad","|-sidestart|p1: BatterBotto|move: Stealth Rock","|","|-heal|p1a: Seismitoad|345/413|[from] item: Leftovers","|-heal|p2a: Empoleon|372/372|[from] item: Leftovers","|turn|11","|choice|move earthpower 1|switch 3","|","|switch|p2a: Whimsicott|Whimsicott, F|261/261","|-damage|p2a: Whimsicott|229/261|[from] Stealth Rock","|move|p1a: Seismitoad|Earth Power|p2a: Whimsicott","|-resisted|p2a: Whimsicott","|-damage|p2a: Whimsicott|175/261","|","|-heal|p1a: Seismitoad|370/413|[from] item: Leftovers","|turn|12","|choice|switch 2|move gigadrain 1","|","|switch|p1a: Skarmory|Skarmory, F|307/333","|-damage|p1a: Skarmory|266/333|[from] Stealth Rock","|move|p2a: Whimsicott|Giga Drain|p1a: Skarmory","|-resisted|p1a: Skarmory","|-damage|p1a: Skarmory|242/333","|-heal|p2a: Whimsicott|187/261|[from] drain|[of] p1a: Skarmory","|","|turn|13","|choice|move spikes|switch 3","|","|switch|p2a: Empoleon|Empoleon, F|372/372","|-damage|p2a: Empoleon|349/372|[from] Stealth Rock","|move|p1a: Skarmory|Spikes|p2a: Empoleon","|-sidestart|p2: FlareonDriod|Spikes","|","|-heal|p2a: Empoleon|372/372|[from] item: Leftovers","|turn|14","|choice|switch 2|move icebeam 1","|","|switch|p1a: Seismitoad|Seismitoad, M|370/413","|-damage|p1a: Seismitoad|345/413|[from] Stealth Rock","|move|p2a: Empoleon|Ice Beam|p1a: Seismitoad","|-damage|p1a: Seismitoad|249/413","|","|-heal|p1a: Seismitoad|274/413|[from] item: Leftovers","|turn|15","|choice|move earthpower 1|switch 3","|","|switch|p2a: Whimsicott|Whimsicott, F|187/261","|-damage|p2a: Whimsicott|155/261|[from] Spikes","|-damage|p2a: Whimsicott|123/261|[from] Stealth Rock","|move|p1a: Seismitoad|Earth Power|p2a: Whimsicott","|-resisted|p2a: Whimsicott","|-damage|p2a: Whimsicott|63/261","|","|-heal|p1a: Seismitoad|299/413|[from] item: Leftovers","|turn|16","|choice|move scald 1|move gigadrain 1","|","|move|p2a: Whimsicott|Giga Drain|p1a: Seismitoad","|-supereffective|p1a: Seismitoad","|-crit|p1a: Seismitoad","|-damage|p1a: Seismitoad|0 fnt","|-heal|p2a: Whimsicott|213/261|[from] drain|[of] p1a: Seismitoad","|faint|p1a: Seismitoad","|","|choice|switch 2|","|","|switch|p1a: Skarmory|Skarmory, F|242/333","|-damage|p1a: Skarmory|201/333|[from] Stealth Rock","|turn|17","|choice|move ironhead 1|switch 3","|","|switch|p2a: Empoleon|Empoleon, F|372/372","|-damage|p2a: Empoleon|326/372|[from] Spikes","|-damage|p2a: Empoleon|303/372|[from] Stealth Rock","|move|p1a: Skarmory|Iron Head|p2a: Empoleon","|-resisted|p2a: Empoleon","|-damage|p2a: Empoleon|282/372","|","|-heal|p2a: Empoleon|305/372|[from] item: Leftovers","|turn|18","|choice|switch 6|move icebeam 1","|","|switch|p1a: Latias|Latias, F|363/363","|-damage|p1a: Latias|318/363|[from] Stealth Rock","|move|p2a: Empoleon|Ice Beam|p1a: Latias","|-supereffective|p1a: Latias","|-damage|p1a: Latias|186/363","|-status|p1a: Latias|frz","|","|-heal|p2a: Empoleon|328/372|[from] item: Leftovers","|turn|19","|choice|move thunderwave 1 mega|move icebeam 1","|","|detailschange|p1a: Latias|Latias-Mega, F","|-mega|p1a: Latias|Latias|Latiasite","|cant|p1a: Latias|frz","|move|p2a: Empoleon|Ice Beam|p1a: Latias","|-supereffective|p1a: Latias","|-damage|p1a: Latias|84/363 frz","|","|-heal|p2a: Empoleon|351/372|[from] item: Leftovers","|turn|20","|choice|move thunderwave 1|move icebeam 1","|","|cant|p1a: Latias|frz","|move|p2a: Empoleon|Ice Beam|p1a: Latias","|-supereffective|p1a: Latias","|-damage|p1a: Latias|0 fnt","|faint|p1a: Latias","|","|-heal|p2a: Empoleon|372/372|[from] item: Leftovers","|choice|switch 6|","|","|switch|p1a: Skarmory|Skarmory, F|201/333","|-damage|p1a: Skarmory|160/333|[from] Stealth Rock","|turn|21","|choice|move spikes|move defog 1","|","|move|p1a: Skarmory|Spikes|p2a: Empoleon","|-sidestart|p2: FlareonDriod|Spikes","|move|p2a: Empoleon|Defog|p1a: Skarmory","|-unboost|p1a: Skarmory|evasion|1","|-sideend|p1: BatterBotto|Stealth Rock|[from] move: Defog|[of] p1a: Skarmory","|-sideend|p2: FlareonDriod|Spikes|[from] move: Defog|[of] p2a: Empoleon","|-sideend|p2: FlareonDriod|Stealth Rock|[from] move: Defog|[of] p2a: Empoleon","|","|turn|22","|choice|move spikes|move scald 1","|","|move|p1a: Skarmory|Spikes|p2a: Empoleon","|-sidestart|p2: FlareonDriod|Spikes","|move|p2a: Empoleon|Scald|p1a: Skarmory","|-damage|p1a: Skarmory|51/333","|-status|p1a: Skarmory|brn","|","|-damage|p1a: Skarmory|10/333 brn|[from] brn","|turn|23","|choice|move roost|move scald 1","|","|move|p1a: Skarmory|Roost|p1a: Skarmory","|-heal|p1a: Skarmory|177/333 brn","|move|p2a: Empoleon|Scald|p1a: Skarmory","|-damage|p1a: Skarmory|68/333 brn","|","|-damage|p1a: Skarmory|27/333 brn|[from] brn","|turn|24","|choice|move ironhead 1|move icebeam 1","|","|move|p1a: Skarmory|Iron Head|p2a: Empoleon","|-resisted|p2a: Empoleon","|-damage|p2a: Empoleon|362/372","|move|p2a: Empoleon|Ice Beam|p1a: Skarmory","|-damage|p1a: Skarmory|0 fnt","|faint|p1a: Skarmory","|","|-heal|p2a: Empoleon|372/372|[from] item: Leftovers","|choice|switch 4|","|","|switch|p1a: Clefable|Clefable, F|394/394","|turn|25","|choice|move calmmind|switch 2","|","|switch|p2a: Beedrill|Beedrill, F|271/271","|-damage|p2a: Beedrill|238/271|[from] Spikes","|move|p1a: Clefable|Calm Mind|p1a: Clefable","|-boost|p1a: Clefable|spa|1","|-boost|p1a: Clefable|spd|1","|","|turn|26","|choice|move calmmind|move poisonjab 1 mega","|","|detailschange|p2a: Beedrill|Beedrill-Mega, F","|-mega|p2a: Beedrill|Beedrill|Beedrillite","|move|p2a: Beedrill|Poison Jab|p1a: Clefable","|-supereffective|p1a: Clefable","|-damage|p1a: Clefable|0 fnt","|faint|p1a: Clefable","|","|choice|switch 5|","|","|switch|p1a: Tyranitar|Tyranitar, M|355/355","|-weather|Sandstorm|[from] ability: Sand Stream|[of] p1a: Tyranitar","|turn|27","|choice|move crunch 1|move uturn 1","|","|move|p2a: Beedrill|U-turn|p1a: Tyranitar","|-supereffective|p1a: Tyranitar","|-damage|p1a: Tyranitar|15/355","|choice||switch 3","|","|switch|p2a: Whimsicott|Whimsicott, F|213/261","|-damage|p2a: Whimsicott|181/261|[from] Spikes","|move|p1a: Tyranitar|Crunch|p2a: Whimsicott","|-resisted|p2a: Whimsicott","|-damage|p2a: Whimsicott|35/261","|","|-weather|Sandstorm|[upkeep]","|-damage|p2a: Whimsicott|19/261|[from] sandstorm","|turn|28","|choice|move crunch 1|move moonblast 1","|","|move|p2a: Whimsicott|Moonblast|p1a: Tyranitar","|-supereffective|p1a: Tyranitar","|-damage|p1a: Tyranitar|0 fnt","|faint|p1a: Tyranitar","|","|win|FlareonDriod"],"p1rating":1142.4682424567882,"p2rating":1194.081246766756,"endType":"normal"}