{"seed":[62329,21146,12843,55005],"turns":38,"p1":"FlareonDriod","p2":"BatterBotto","p1team":[{"name":"Beedrill","species":"Beedrill","item":"beedrillite","ability":"Swarm","moves":["uturn","poisonjab","drillrun","protect"],"nature":"Jolly","evs":{"hp":0,"atk":252,"def":0,"spa":0,"spd":4,"spe":252},"ivs":{"hp":31,"atk":31,"def":31,"spa":31,"spd":31,"spe":31}},{"name":"Whimsicott","species":"Whimsicott","item":"yacheberry","ability":"Prankster","moves":["gigadrain","moonblast","encore","uturn"],"nature":"Timid","evs":{"hp":0,"atk":0,"def":0,"spa":252,"spd":4,"spe":252},"ivs":{"hp":31,"atk":31,"def":31,"spa":31,"spd":31,"spe":31}},{"name":"Empoleon","species":"Empoleon","item":"leftovers","ability":"Torrent","moves":["scald","icebeam","stealthrock","defog"],"nature":"Calm","evs":{"hp":252,"atk":0,"def":0,"spa":4,"spd":252,"spe":0},"ivs":{"hp":31,"atk":0,"def":31,"spa":31,"spd":31,"spe":31}},{"name":"Reuniclus","species":"Reuniclus","item":"leftovers","ability":"Magic Guard","moves":["calmmind","psyshock","shadowball","recover"],"nature":"Bold","evs":{"hp":252,"atk":0,"def":252,"spa":4,"spd":0,"spe":0},"ivs":{"hp":31,"atk":0,"def":31,"spa":31,"spd":31,"spe":31}},{"name":"Toxicroak","species":"Toxicroak","item":"lifeorb","ability":"Dry Skin","moves":["swordsdance","gunkshot","drainpunch","suckerpunch"],"nature":"Jolly","evs":{"hp":0,"atk":252,"def":0,"spa":0,"spd":4,"spe":252},"ivs":{"hp":31,"atk":31,"def":31,"spa":31,"spd":31,"spe":31}},{"name":"Hydreigon","species":"Hydreigon","item":"choicescarf","ability":"Levitate","moves":["dracometeor","darkpulse","fireblast","uturn"],"nature":"Timid","evs":{"hp":0,"atk":0,"def":0,"spa":252,"spd":4,"spe":252},"ivs":{"hp":31,"atk":31,"def":31,"spa":31,"spd":31,"spe":31}}],"p2team":[{"name":"Seismitoad","species":"Seismitoad","item":"leftovers","ability":"Water Absorb","moves":["stealthrock","scald","earthpower","toxic"],"nature":"Bold","evs":{"hp":248,"atk":0,"def":240,"spa":0,"spd":20,"spe":0},"gender":"M","ivs":{"hp":31,"atk":0,"def":31,"spa":31,"spd":31,"spe":31}},{"name":"Skarmory","species":"Skarmory","item":"rockyhelmet","ability":"Sturdy","moves":["spikes","ironhead","roost","whirlwind"],"nature":"Impish","evs":{"hp":248,"atk":0,"def":0,"spa":0,"spd":236,"spe":24},"gender":"F","ivs":{"hp":31,"atk":31,"def":31,"spa":31,"spd":31,"spe":31}},{"name":"Clefable","species":"Clefable","item":"leftovers","ability":"Magic Guard","moves":["calmmind","moonblast","flamethrower","softboiled"],"nature":"Calm","evs":{"hp":252,"atk":0,"def":160,"spa":0,"spd":96,"spe":0},"gender":"F","ivs":{"hp":31,"atk":0,"def":31,"spa":31,"spd":31,"spe":31}},{"name":"Tyranitar","species":"Tyranitar","item":"choiceband","ability":"Sand Stream","moves":["pursuit","stoneedge","crunch","icepunch"],"nature":"Adamant","evs":{"hp":56,"atk":252,"def":4,"spa":0,"spd":0,"spe":196},"gender":"M","ivs":{"hp":31,"atk":31,"def":31,"spa":31,"spd":31,"spe":31}},{"name":"Gengar","species":"Gengar","item":"choicescarf","ability":"Levitate","moves":["shadowball","sludgewave","focusblast","trick"],"nature":"Timid","evs":{"hp":0,"atk":0,"def":0,"spa":252,"spd":4,"spe":252},"gender":"M","ivs":{"hp":31,"atk":0,"def":31,"spa":31,"spd":31,"spe":31},"shiny":true},{"name":"Latias","species":"Latias","item":"latiasite","ability":"Levitate","moves":["thunderbolt","icebeam","roost","thunderwave"],"nature":"Timid","evs":{"hp":248,"atk":0,"def":32,"spa":12,"spd":0,"spe":216},"ivs":{"hp":31,"atk":0,"def":31,"spa":31,"spd":31,"spe":31}}],"log":["|player|p1|FlareonDriod|flareondriod.png","|player|p2|BatterBotto|batterbotto.png","|gametype|singles","|gen|6","|tier|OU","|rated","|seed|62329,21146,12843,55005","|clearpoke","|poke|p1|Beedrill, M|item","|poke|p1|Whimsicott, M|item","|poke|p1|Empoleon, F|item","|poke|p1|Reuniclus, M|item","|poke|p1|Toxicroak, M|item","|poke|p1|Hydreigon, M|item","|poke|p2|Seismitoad, M|item","|poke|p2|Skarmory, F|item","|poke|p2|Clefable, F|item","|poke|p2|Tyranitar, M|item","|poke|p2|Gengar, M, shiny|item","|poke|p2|Latias, F|item","|rule|Swagger Clause: Swagger is banned","|rule|Baton Pass Clause: Limit one Baton Passer, can't pass Spe and other stats simultaneously","|rule|Sleep Clause Mod: Limit one foe put to sleep","|rule|Species Clause: Limit one of each Pokémon","|rule|OHKO Clause: OHKO moves are banned","|rule|Moody Clause: Moody is banned","|rule|Evasion Moves Clause: Evasion moves are banned","|rule|Endless Battle Clause: Forcing endless battles is banned","|rule|HP Percentage Mod: HP is shown in percentages","|teampreview","|choice|team 2, team 1, team 3, team 4, team 5, team 6|team 3, team 1, team 2, team 4, team 5, team 6","|","|start","|switch|p1a: Whimsicott|Whimsicott, M|261/261","|switch|p2a: Clefable|Clefable, F|394/394","|turn|1","|choice|switch 2|move flamethrower 1","|","|switch|p1a: Beedrill|Beedrill, M|271/271","|move|p2a: Clefable|Flamethrower|p1a: Beedrill","|-supereffective|p1a: Beedrill","|-damage|p1a: Beedrill|113/271","|","|turn|2","|choice|move poisonjab 1 mega|move flamethrower 1","|","|detailschange|p1a: Beedrill|Beedrill-Mega, M","|-mega|p1a: Beedrill|Beedrill|Beedrillite","|move|p1a: Beedrill|Poison Jab|p2a: Clefable","|-supereffective|p2a: Clefable","|-damage|p2a: Clefable|0 fnt","|faint|p2a: Clefable","|","|choice||switch 3","|","|switch|p2a: Skarmory|Skarmory, F|333/333","|turn|3","|choice|switch 3|move ironhead 1","|","|switch|p1a: Empoleon|Empoleon, F|372/372","|move|p2a: Skarmory|Iron Head|p1a: Empoleon","|-resisted|p1a: Empoleon","|-damage|p1a: Empoleon|350/372","|","|-heal|p1a: Empoleon|372/372|[from] item: Leftovers","|turn|4","|choice|move scald 1|switch 2","|","|switch|p2a: Seismitoad|Seismitoad, M|413/413","|move|p1a: Empoleon|Scald|p2a: Seismitoad","|-immune|p2a: Seismitoad|[msg]|[from] ability: Water Absorb","|","|turn|5","|choice|switch 2|move stealthrock","|","|switch|p1a: Whimsicott|Whimsicott, M|261/261","|move|p2a: Seismitoad|Stealth Rock|p1a: Whimsicott","|-sidestart|p1: FlareonDriod|move: Stealth Rock","|","|turn|6","|choice|move gigadrain 1|switch 2","|","|switch|p2a: Skarmory|Skarmory, F|333/333","|move|p1a: Whimsicott|Giga Drain|p2a: Skarmory","|-resisted|p2a: Skarmory","|-crit|p2a: Skarmory","|-damage|p2a: Skarmory|300/333","|","|turn|7","|choice|switch 2|move spikes","|","|switch|p1a: Empoleon|Empoleon, F|372/372","|-damage|p1a: Empoleon|349/372|[from] Stealth Rock","|move|p2a: Skarmory|Spikes|p1a: Empoleon","|-sidestart|p1: FlareonDriod|Spikes","|","|-heal|p1a: Empoleon|372/372|[from] item: Leftovers","|turn|8","|choice|move scald 1|switch 2","|","|switch|p2a: Seismitoad|Seismitoad, M|413/413","|move|p1a: Empoleon|Scald|p2a: Seismitoad","|-immune|p2a: Seismitoad|[msg]|[from] ability: Water Absorb","|","|turn|9","|choice|switch 2|move earthpower 1","|","|switch|p1a: Whimsicott|Whimsicott, M|261/261","|-damage|p1a: Whimsicott|229/261|[from] Spikes","|-damage|p1a: Whimsicott|197/261|[from] Stealth Rock","|move|p2a: Seismitoad|Earth Power|p1a: Whimsicott","|-resisted|p1a: Whimsicott","|-damage|p1a: Whimsicott|142/261","|","|turn|10","|choice|move gigadrain 1|switch 2","|","|switch|p2a: Skarmory|Skarmory, F|300/333","|move|p1a: Whimsicott|Giga Drain|p2a: Skarmory","|-resisted|p2a: Skarmory","|-damage|p2a: Skarmory|276/333","|-heal|p1a: Whimsicott|154/261|[from] drain|[of] p2a: Skarmory","|","|turn|11","|choice|switch 2|move spikes","|","|switch|p1a: Empoleon|Empoleon, F|372/372","|-damage|p1a: Empoleon|326/372|[from] Spikes","|-damage|p1a: Empoleon|303/372|[from] Stealth Rock","|move|p2a: Skarmory|Spikes|p1a: Empoleon","|-sidestart|p1: FlareonDriod|Spikes","|","|-heal|p1a: Empoleon|326/372|[from] item: Leftovers","|turn|12","|choice|move scald 1|switch 2","|","|switch|p2a: Seismitoad|Seismitoad, M|413/413","|move|p1a: Empoleon|Scald|p2a: Seismitoad","|-immune|p2a: Seismitoad|[msg]|[from] ability: Water Absorb","|","|-heal|p1a: Empoleon|349/372|[from] item: Leftovers","|turn|13","|choice|switch 2|move earthpower 1","|","|switch|p1a: Whimsicott|Whimsicott, M|154/261","|-damage|p1a: Whimsicott|111/261|[from] Spikes","|-damage|p1a: Whimsicott|79/261|[from] Stealth Rock","|move|p2a: Seismitoad|Earth Power|p1a: Whimsicott","|-resisted|p1a: Whimsicott","|-damage|p1a: Whimsicott|16/261","|","|turn|14","|choice|move gigadrain 1|move earthpower 1","|","|move|p1a: Whimsicott|Giga Drain|p2a: Seismitoad","|-supereffective|p2a: Seismitoad","|-crit|p2a: Seismitoad","|-damage|p2a: Seismitoad|0 fnt","|-heal|p1a: Whimsicott|223/261|[from] drain|[of] p2a: Seismitoad","|faint|p2a: Seismitoad","|","|choice||switch 2","|","|switch|p2a: Skarmory|Skarmory, F|276/333","|turn|15","|choice|switch 2|move roost","|","|switch|p1a: Empoleon|Empoleon, F|349/372","|-damage|p1a: Empoleon|287/372|[from] Spikes","|-damage|p1a: Empoleon|264/372|[from] Stealth Rock","|move|p2a: Skarmory|Roost|p2a: Skarmory","|-heal|p2a: Skarmory|333/333","|","|-heal|p1a: Empoleon|287/372|[from] item: Leftovers","|turn|16","|choice|move stealthrock|switch 6","|","|switch|p2a: Latias|Latias, F|363/363","|move|p1a: Empoleon|Stealth Rock|p2a: Latias","|-sidestart|p2: BatterBotto|move: Stealth Rock","|","|-heal|p1a: Empoleon|310/372|[from] item: Leftovers","|turn|17","|choice|switch 2|move thunderbolt 1 mega","|","|switch|p1a: Whimsicott|Whimsicott, M|223/261","|-damage|p1a: Whimsicott|180/261|[from] Spikes","|-damage|p1a: Whimsicott|148/261|[from] Stealth Rock","|detailschange|p2a: Latias|Latias-Mega, F","|-mega|p2a: Latias|Latias|Latiasite","|move|p2a: Latias|Thunderbolt|p1a: Whimsicott","|-resisted|p1a: Whimsicott","|-damage|p1a: Whimsicott|84/261","|","|turn|18","|choice|move moonblast 1|move icebeam 1","|","|move|p1a: Whimsicott|Moonblast|p2a: Latias","|-supereffective|p2a: Latias","|-crit|p2a: Latias","|-damage|p2a: Latias|97/363","|move|p2a: Latias|Ice Beam|p1a: Whimsicott","|-supereffective|p1a: Whimsicott","|-enditem|p1a: Whimsicott|Yache Berry|[eat]","|-enditem|p1a: Whimsicott|Yache Berry|[weaken]","|-damage|p1a: Whimsicott|0 fnt","|faint|p1a: Whimsicott","|","|choice|switch 2|","|","|switch|p1a: Empoleon|Empoleon, F|310/372","|-damage|p1a: Empoleon|248/372|[from] Spikes","|-damage|p1a: Empoleon|225/372|[from] Stealth Rock","|turn|19","|choice|move icebeam 1|move thunderwave 1","|","|move|p2a: Latias|Thunder Wave|p1a: Empoleon","|-status|p1a: Empoleon|par","|move|p1a: Empoleon|Ice Beam|p2a: Latias","|-supereffective|p2a: Latias","|-damage|p2a: Latias|0 fnt","|faint|p2a: Latias","|","|-heal|p1a: Empoleon|248/372 par|[from] item: Leftovers","|choice||switch 6","|","|switch|p2a: Skarmory|Skarmory, F|333/333","|-damage|p2a: Skarmory|292/333|[from] Stealth Rock","|turn|20","|choice|move defog 1|move ironhead 1","|","|move|p2a: Skarmory|Iron Head|p1a: Empoleon","|-resisted|p1a: Empoleon","|-crit|p1a: Empoleon","|-damage|p1a: Empoleon|213/372 par","|cant|p1a: Empoleon|flinch","|","|-heal|p1a: Empoleon|236/372 par|[from] item: Leftovers","|turn|21","|choice|move scald 1|move spikes","|","|move|p2a: Skarmory|Spikes|p1a: Empoleon","|-sidestart|p1: FlareonDriod|Spikes","|cant|p1a: Empoleon|par","|","|-heal|p1a: Empoleon|259/372 par|[from] item: Leftovers","|turn|22","|choice|move scald 1|move ironhead 1","|","|move|p2a: Skarmory|Iron Head|p1a: Empoleon","|-resisted|p1a: Empoleon","|-damage|p1a: Empoleon|238/372 par","|move|p1a: Empoleon|Scald|p2a: Skarmory","|-damage|p2a: Skarmory|184/333","|","|-heal|p1a: Empoleon|261/372 par|[from] item: Leftovers","|turn|23","|choice|move scald 1|move roost","|","|move|p2a: Skarmory|Roost|p2a: Skarmory","|-heal|p2a: Skarmory|333/333","|cant|p1a: Empoleon|par","|","|-heal|p1a: Empoleon|284/372 par|[from] item: Leftovers","|turn|24","|choice|move scald 1|move ironhead 1","|","|move|p2a: Skarmory|Iron Head|p1a: Empoleon","|-resisted|p1a: Empoleon","|-damage|p1a: Empoleon|261/372 par","|cant|p1a: Empoleon|flinch","|","|-heal|p1a: Empoleon|284/372 par|[from] item: Leftovers","|turn|25","|choice|move scald 1|move ironhead 1","|","|move|p2a: Skarmory|Iron Head|p1a: Empoleon","|-resisted|p1a: Empoleon","|-damage|p1a: Empoleon|262/372 par","|cant|p1a: Empoleon|par","|","|-heal|p1a: Empoleon|285/372 par|[from] item: Leftovers","|turn|26","|choice|move scald 1|move ironhead 1","|","|move|p2a: Skarmory|Iron Head|p1a: Empoleon","|-resisted|p1a: Empoleon","|-damage|p1a: Empoleon|263/372 par","|move|p1a: Empoleon|Scald|p2a: Skarmory","|-damage|p2a: Skarmory|227/333","|","|-heal|p1a: Empoleon|286/372 par|[from] item: Leftovers","|turn|27","|choice|move defog 1|move roost","|","|move|p2a: Skarmory|Roost|p2a: Skarmory","|-heal|p2a: Skarmory|333/333","|move|p1a: Empoleon|Defog|p2a: Skarmory","|-unboost|p2a: Skarmory|evasion|1","|-sideend|p2: BatterBotto|Stealth Rock|[from] move: Defog|[of] p2a: Skarmory","|-sideend|p1: FlareonDriod|Spikes|[from] move: Defog|[of] p1a: Empoleon","|-sideend|p1: FlareonDriod|Stealth Rock|[from] move: Defog|[of] p1a: Empoleon","|","|-heal|p1a: Empoleon|309/372 par|[from] item: Leftovers","|turn|28","|choice|move stealthrock|move ironhead 1","|","|move|p2a: Skarmory|Iron Head|p1a: Empoleon","|-resisted|p1a: Empoleon","|-damage|p1a: Empoleon|287/372 par","|cant|p1a: Empoleon|flinch","|","|-heal|p1a: Empoleon|310/372 par|[from] item: Leftovers","|turn|29","|choice|move scald 1|move ironhead 1","|","|move|p2a: Skarmory|Iron Head|p1a: Empoleon","|-resisted|p1a: Empoleon","|-damage|p1a: Empoleon|288/372 par","|move|p1a: Empoleon|Scald|p2a: Skarmory","|-damage|p2a: Skarmory|236/333","|","|-heal|p1a: Empoleon|311/372 par|[from] item: Leftovers","|turn|30","|choice|move stealthrock|move ironhead 1","|","|move|p2a: Skarmory|Iron Head|p1a: Empoleon","|-resisted|p1a: Empoleon","|-damage|p1a: Empoleon|289/372 par","|move|p1a: Empoleon|Stealth Rock|p2a: Skarmory","|-sidestart|p2: BatterBotto|move: Stealth Rock","|","|-heal|p1a: Empoleon|312/372 par|[from] item: Leftovers","|turn|31","|choice|move icebeam 1|move ironhead 1","|","|move|p2a: Skarmory|Iron Head|p1a: Empoleon","|-resisted|p1a: Empoleon","|-damage|p1a: Empoleon|292/372 par","|move|p1a: Empoleon|Ice Beam|p2a: Skarmory","|-damage|p2a: Skarmory|158/333","|","|-heal|p1a: Empoleon|315/372 par|[from] item: Leftovers","|turn|32","|choice|move scald 1|move spikes","|","|move|p2a: Skarmory|Spikes|p1a: Empoleon","|-sidestart|p1: FlareonDriod|Spikes","|move|p1a: Empoleon|Scald|p2a: Skarmory","|-damage|p2a: Skarmory|50/333","|","|-heal|p1a: Empoleon|338/372 par|[from] item: Leftovers","|turn|33","|choice|move scald 1|move roost","|","|move|p2a: Skarmory|Roost|p2a: Skarmory","|-heal|p2a: Skarmory|217/333","|move|p1a: Empoleon|Scald|p2a: Skarmory","|-damage|p2a: Skarmory|111/333","|-status|p2a: Skarmory|brn","|","|-heal|p1a: Empoleon|361/372 par|[from] item: Leftovers","|-damage|p2a: Skarmory|70/333 brn|[from] brn","|turn|34","|choice|move icebeam 1|move spikes","|","|move|p2a: Skarmory|Spikes|p1a: Empoleon","|-sidestart|p1: FlareonDriod|Spikes","|move|p1a: Empoleon|Ice Beam|p2a: Skarmory","|-damage|p2a: Skarmory|0 fnt","|faint|p2a: Skarmory","|","|-heal|p1a: Empoleon|372/372 par|[from] item: Leftovers","|choice||switch 5","|","|switch|p2a: Gengar|Gengar, M, shiny|261/261","|-damage|p2a: Gengar|229/261|[from] Stealth Rock","|turn|35","|choice|move scald 1|move focusblast 1","|","|move|p2a: Gengar|Focus Blast|p1a: Empoleon","|-supereffective|p1a: Empoleon","|-damage|p1a: Empoleon|166/372 par","|cant|p1a: Empoleon|par","|","|-heal|p1a: Empoleon|189/372 par|[from] item: Leftovers","|turn|36","|choice|move scald 1|move focusblast 1","|","|move|p2a: Gengar|Focus Blast|p1a: Empoleon","|-supereffective|p1a: Empoleon","|-damage|p1a: Empoleon|0 fnt","|faint|p1a: Empoleon","|","|choice|switch 5|","|","|switch|p1a: Toxicroak|Toxicroak, M|307/307","|-damage|p1a: Toxicroak|256/307|[from] Spikes","|turn|37","|choice|move suckerpunch 1|move focusblast 1","|","|move|p1a: Toxicroak|Sucker Punch|p2a: Gengar","|-supereffective|p2a: Gengar","|-damage|p2a: Gengar|0 fnt","|-damage|p1a: Toxicroak|226/307|[from] item: Life Orb","|faint|p2a: Gengar","|","|choice||switch 4","|","|switch|p2a: Tyranitar|Tyranitar, M|355/355","|-damage|p2a: Tyranitar|311/355|[from] Stealth Rock","|-weather|Sandstorm|[from] ability: Sand Stream|[of] p2a: Tyranitar","|turn|38","|choice|move drainpunch 1|move stoneedge 1","|","|move|p1a: Toxicroak|Drain Punch|p2a: Tyranitar","|-supereffective|p2a: Tyranitar","|-damage|p2a: Tyranitar|0 fnt","|-heal|p1a: Toxicroak|307/307|[from] drain|[of] p2a: Tyranitar","|-damage|p1a: Toxicroak|277/307|[from] item: Life Orb","|faint|p2a: Tyranitar","|","|win|FlareonDriod"],"p1rating":1266.68718411973,"p2rating":1143.0724184993605,"endType":"normal"}