{"seed":[45293,62943,61972,57190],"turns":19,"p1":"Fuck psd","p2":"KhanShotFirst","p1team":[{"name":"Incineroar","species":"Incineroar","item":"firiumz","ability":"Blaze","moves":["fakeout","flamecharge","swordsdance","darkestlariat"],"nature":"Jolly","evs":{"hp":0,"atk":252,"def":0,"spa":0,"spd":4,"spe":252},"level":100,"ivs":{"hp":31,"atk":31,"def":31,"spa":31,"spd":31,"spe":31}},{"name":"Vikavolt","species":"Vikavolt","item":"lifeorb","ability":"Levitate","moves":["chargebeam","agility","bugbuzz","thunderbolt"],"nature":"Timid","evs":{"hp":0,"atk":0,"def":0,"spa":252,"spd":4,"spe":252},"ivs":{"hp":31,"atk":0,"def":31,"spa":31,"spd":31,"spe":31},"shiny":true,"level":100},{"name":"Minior","species":"Minior","item":"whiteherb","ability":"Shields Down","moves":["bulldoze","shellsmash","stoneedge","acrobatics"],"nature":"Adamant","evs":{"hp":0,"atk":252,"def":0,"spa":0,"spd":4,"spe":252},"shiny":true,"level":100,"ivs":{"hp":31,"atk":31,"def":31,"spa":31,"spd":31,"spe":31}},{"name":"Jirachi","species":"Jirachi","item":"leftovers","ability":"Serene Grace","moves":["ironhead","cosmicpower","zenheadbutt","poweruppunch"],"nature":"Jolly","evs":{"hp":0,"atk":252,"def":0,"spa":0,"spd":4,"spe":252},"level":100,"ivs":{"hp":31,"atk":31,"def":31,"spa":31,"spd":31,"spe":31}},{"name":"Zoroark","species":"Zoroark","item":"assaultvest","ability":"Illusion","moves":["snarl","nastyplot","agility","flamethrower"],"nature":"Modest","evs":{"hp":0,"atk":0,"def":0,"spa":252,"spd":4,"spe":252},"ivs":{"hp":31,"atk":0,"def":31,"spa":31,"spd":31,"spe":31},"level":100},{"name":"Suicune","species":"Suicune","item":"leftovers","ability":"Pressure","moves":["snarl","calmmind","scald","icebeam"],"nature":"Modest","evs":{"hp":252,"atk":0,"def":0,"spa":252,"spd":4,"spe":0},"ivs":{"hp":31,"atk":0,"def":31,"spa":31,"spd":31,"spe":31},"level":100}],"p2team":[{"name":"Bibarel","species":"Bibarel","item":"leftovers","ability":"Simple","moves":["icywind","workup","curse","aquajet"],"nature":"Impish","evs":{"hp":252,"atk":0,"def":92,"spa":0,"spd":164,"spe":0},"level":100,"ivs":{"hp":31,"atk":31,"def":31,"spa":31,"spd":31,"spe":31}},{"name":"Minior","species":"Minior","item":"sitrusberry","ability":"Shields Down","moves":["shellsmash","rocktomb","cosmicpower","acrobatics"],"nature":"","shiny":true,"level":100,"evs":{"hp":0,"atk":0,"def":0,"spa":0,"spd":0,"spe":0},"ivs":{"hp":31,"atk":31,"def":31,"spa":31,"spd":31,"spe":31}},{"name":"Ribombee","species":"Ribombee","item":"","ability":"Shield Dust","moves":["strugglebug","moonblast","quiverdance","roost"],"nature":"Bold","evs":{"hp":248,"atk":0,"def":252,"spa":8,"spd":0,"spe":0},"ivs":{"hp":31,"atk":0,"def":31,"spa":31,"spd":31,"spe":31},"level":100},{"name":"Infernape","species":"Infernape","item":"choicescarf","ability":"Blaze","moves":["flamecharge","bulkup","focusenergy","honeclaws"],"nature":"Jolly","evs":{"hp":0,"atk":252,"def":0,"spa":0,"spd":4,"spe":252},"level":100,"ivs":{"hp":31,"atk":31,"def":31,"spa":31,"spd":31,"spe":31}},{"name":"Zoroark","species":"Zoroark","item":"choicespecs","ability":"Illusion","moves":["nightdaze","agility","nastyplot","honeclaws"],"nature":"Modest","evs":{"hp":0,"atk":0,"def":0,"spa":252,"spd":4,"spe":252},"ivs":{"hp":31,"atk":0,"def":31,"spa":31,"spd":31,"spe":31},"level":100},{"name":"Shuckle","species":"Shuckle","item":"leftovers","ability":"Sturdy","moves":["strugglebug","acupressure","shellsmash","sludgewave"],"nature":"Modest","evs":{"hp":252,"atk":0,"def":0,"spa":252,"spd":4,"spe":0},"ivs":{"hp":31,"atk":0,"def":31,"spa":31,"spd":31,"spe":31},"level":100}],"log":["|player|p1|Fuck psd|11","|player|p2|KhanShotFirst|266","|raw|<div class=\"infobox\">&bullet; <a href=\"http://www.smogon.com/forums/threads/3594333/\">Automagic</a>: Whenever an attack activates a secondary effect, any setup moves in that Pokemon's movepool are activated too.</div>","|gametype|singles","|gen|7","|tier|[Gen 7] Automagic","|rated","|seed|45293,62943,61972,57190","|rule|Sleep Clause Mod: Limit one foe put to sleep","|rule|Species Clause: Limit one of each Pokémon","|rule|OHKO Clause: OHKO moves are banned","|rule|Moody Clause: Moody is banned","|rule|Evasion Moves Clause: Evasion moves are banned","|rule|Endless Battle Clause: Forcing endless battles is banned","|rule|HP Percentage Mod: HP is shown in percentages","|clearpoke","|poke|p1|Incineroar, M|item","|poke|p1|Vikavolt, F, shiny|item","|poke|p1|Minior, shiny|item","|poke|p1|Jirachi|item","|poke|p1|Zoroark, M|item","|poke|p1|Suicune|item","|poke|p2|Bibarel, F|item","|poke|p2|Minior, shiny|item","|poke|p2|Ribombee, F|","|poke|p2|Infernape, F|item","|poke|p2|Zoroark, M|item","|poke|p2|Shuckle, F|item","|rule|Baton Pass Clause: Limit one Baton Passer, can't pass Spe and other stats simultaneously","|teampreview","|choice|team 5, team 2, team 3, team 4, team 1, team 6|team 6, team 2, team 3, team 5, team 1, team 4","|","|start","|switch|p1a: Suicune|Suicune|261/261","|switch|p2a: Shuckle|Shuckle, F|244/244","|turn|1","|choice|move snarl|move strugglebug","|","|move|p1a: Suicune|Snarl|p2a: Shuckle","|-crit|p2a: Shuckle","|-damage|p2a: Shuckle|175/244","|-unboost|p2a: Shuckle|spa|1","|move|p1a: Suicune|Nasty Plot|p1a: Suicune|[from][Gen 7] Automagic","|-boost|p1a: Suicune|spa|2","|move|p1a: Suicune|Agility|p1a: Suicune|[from][Gen 7] Automagic","|-boost|p1a: Suicune|spe|2","|move|p2a: Shuckle|Struggle Bug|p1a: Suicune","|-supereffective|p1a: Suicune","|replace|p1a: Zoroark|Zoroark, M","|-end|p1a: Zoroark|Illusion","|-damage|p1a: Zoroark|213/261","|-unboost|p1a: Zoroark|spa|1","|move|p2a: Shuckle|Shell Smash|p2a: Shuckle|[from][Gen 7] Automagic","|-unboost|p2a: Shuckle|def|1","|-unboost|p2a: Shuckle|spd|1","|-boost|p2a: Shuckle|atk|2","|-boost|p2a: Shuckle|spa|2","|-boost|p2a: Shuckle|spe|2","|","|-heal|p2a: Shuckle|190/244|[from] item: Leftovers","|upkeep","|turn|2","|choice|move flamethrower|move strugglebug","|","|move|p1a: Zoroark|Flamethrower|p2a: Shuckle","|-damage|p2a: Shuckle|61/244","|move|p2a: Shuckle|Struggle Bug|p1a: Zoroark","|-supereffective|p1a: Zoroark","|-damage|p1a: Zoroark|115/261","|-unboost|p1a: Zoroark|spa|1","|move|p2a: Shuckle|Shell Smash|p2a: Shuckle|[from][Gen 7] Automagic","|-unboost|p2a: Shuckle|def|1","|-unboost|p2a: Shuckle|spd|1","|-boost|p2a: Shuckle|atk|2","|-boost|p2a: Shuckle|spa|2","|-boost|p2a: Shuckle|spe|2","|","|-heal|p2a: Shuckle|76/244|[from] item: Leftovers","|upkeep","|turn|3","|choice|move snarl|move strugglebug","|","|move|p1a: Zoroark|Snarl|p2a: Shuckle","|-damage|p2a: Shuckle|0 fnt","|faint|p2a: Shuckle","|","|upkeep","|choice||switch 2","|","|switch|p2a: Minior|Minior, shiny|261/261","|-formechange|p2a: Minior|Minior-Meteor|[from] ability: Shields Down","|turn|4","|choice|move snarl|move rocktomb","|","|move|p1a: Zoroark|Snarl|p2a: Minior|[miss]","|-miss|p1a: Zoroark|p2a: Minior","|move|p2a: Minior|Rock Tomb|p1a: Zoroark","|-crit|p1a: Zoroark","|-damage|p1a: Zoroark|1/261","|-unboost|p1a: Zoroark|spe|1","|move|p2a: Minior|Shell Smash|p2a: Minior|[from][Gen 7] Automagic","|-unboost|p2a: Minior|def|1","|-unboost|p2a: Minior|spd|1","|-boost|p2a: Minior|atk|2","|-boost|p2a: Minior|spa|2","|-boost|p2a: Minior|spe|2","|move|p2a: Minior|Cosmic Power|p2a: Minior|[from][Gen 7] Automagic","|-boost|p2a: Minior|def|1","|-boost|p2a: Minior|spd|1","|","|upkeep","|turn|5","|choice|move snarl|move rocktomb","|","|move|p1a: Zoroark|Snarl|p2a: Minior","|-damage|p2a: Minior|164/261","|-unboost|p2a: Minior|spa|1","|move|p1a: Zoroark|Nasty Plot|p1a: Zoroark|[from][Gen 7] Automagic","|-boost|p1a: Zoroark|spa|2","|move|p1a: Zoroark|Agility|p1a: Zoroark|[from][Gen 7] Automagic","|-boost|p1a: Zoroark|spe|2","|move|p2a: Minior|Rock Tomb|p1a: Zoroark","|-damage|p1a: Zoroark|0 fnt","|faint|p1a: Zoroark","|","|upkeep","|choice|switch 4|","|","|switch|p1a: Jirachi|Jirachi|341/341","|turn|6","|choice|move ironhead|move rocktomb","|","|move|p1a: Jirachi|Iron Head|p2a: Minior","|-supereffective|p2a: Minior","|-damage|p2a: Minior|0 fnt","|faint|p2a: Minior","|","|upkeep","|choice||switch 5","|","|switch|p2a: Bibarel|Bibarel, F|362/362","|turn|7","|choice|move poweruppunch|move icywind","|","|move|p1a: Jirachi|Power-Up Punch|p2a: Bibarel","|-supereffective|p2a: Bibarel","|-damage|p2a: Bibarel|264/362","|-boost|p1a: Jirachi|atk|1","|move|p1a: Jirachi|Cosmic Power|p1a: Jirachi|[from][Gen 7] Automagic","|-boost|p1a: Jirachi|def|1","|-boost|p1a: Jirachi|spd|1","|move|p2a: Bibarel|Icy Wind|p1a: Jirachi","|-resisted|p1a: Jirachi","|-damage|p1a: Jirachi|333/341","|-unboost|p1a: Jirachi|spe|1","|move|p2a: Bibarel|Work Up|p2a: Bibarel|[from][Gen 7] Automagic","|-boost|p2a: Bibarel|atk|2","|-boost|p2a: Bibarel|spa|2","|move|p2a: Bibarel|Curse|p2a: Bibarel|[from][Gen 7] Automagic","|-unboost|p2a: Bibarel|spe|2","|-boost|p2a: Bibarel|atk|2","|-boost|p2a: Bibarel|def|2","|","|-heal|p1a: Jirachi|341/341|[from] item: Leftovers","|-heal|p2a: Bibarel|286/362|[from] item: Leftovers","|upkeep","|turn|8","|choice|move poweruppunch|move icywind","|","|move|p1a: Jirachi|Power-Up Punch|p2a: Bibarel","|-supereffective|p2a: Bibarel","|-damage|p2a: Bibarel|206/362","|-boost|p1a: Jirachi|atk|1","|move|p1a: Jirachi|Cosmic Power|p1a: Jirachi|[from][Gen 7] Automagic","|-boost|p1a: Jirachi|def|1","|-boost|p1a: Jirachi|spd|1","|move|p2a: Bibarel|Icy Wind|p1a: Jirachi","|-resisted|p1a: Jirachi","|-damage|p1a: Jirachi|328/341","|-unboost|p1a: Jirachi|spe|1","|move|p2a: Bibarel|Work Up|p2a: Bibarel|[from][Gen 7] Automagic","|-boost|p2a: Bibarel|atk|2","|-boost|p2a: Bibarel|spa|2","|move|p2a: Bibarel|Curse|p2a: Bibarel|[from][Gen 7] Automagic","|-unboost|p2a: Bibarel|spe|2","|-boost|p2a: Bibarel|def|2","|","|-heal|p1a: Jirachi|341/341|[from] item: Leftovers","|-heal|p2a: Bibarel|228/362|[from] item: Leftovers","|upkeep","|turn|9","|choice|move zenheadbutt|move aquajet","|","|move|p2a: Bibarel|Aqua Jet|p1a: Jirachi","|-damage|p1a: Jirachi|260/341","|move|p1a: Jirachi|Zen Headbutt|p2a: Bibarel","|-damage|p2a: Bibarel|134/362","|","|-heal|p1a: Jirachi|281/341|[from] item: Leftovers","|-heal|p2a: Bibarel|156/362|[from] item: Leftovers","|upkeep","|turn|10","|choice|move poweruppunch|move icywind","|","|move|p1a: Jirachi|Power-Up Punch|p2a: Bibarel","|-supereffective|p2a: Bibarel","|-damage|p2a: Bibarel|94/362","|-boost|p1a: Jirachi|atk|1","|move|p1a: Jirachi|Cosmic Power|p1a: Jirachi|[from][Gen 7] Automagic","|-boost|p1a: Jirachi|def|1","|-boost|p1a: Jirachi|spd|1","|move|p2a: Bibarel|Icy Wind|p1a: Jirachi","|-resisted|p1a: Jirachi","|-damage|p1a: Jirachi|268/341","|-unboost|p1a: Jirachi|spe|1","|move|p2a: Bibarel|Work Up|p2a: Bibarel|[from][Gen 7] Automagic","|-boost|p2a: Bibarel|atk|0","|-boost|p2a: Bibarel|spa|2","|move|p2a: Bibarel|Curse|p2a: Bibarel|[from][Gen 7] Automagic","|-unboost|p2a: Bibarel|spe|2","|-boost|p2a: Bibarel|def|2","|","|-heal|p1a: Jirachi|289/341|[from] item: Leftovers","|-heal|p2a: Bibarel|116/362|[from] item: Leftovers","|upkeep","|turn|11","|choice|move zenheadbutt|move aquajet","|","|move|p2a: Bibarel|Aqua Jet|p1a: Jirachi","|-damage|p1a: Jirachi|223/341","|move|p1a: Jirachi|Zen Headbutt|p2a: Bibarel","|-damage|p2a: Bibarel|20/362","|","|-heal|p1a: Jirachi|244/341|[from] item: Leftovers","|-heal|p2a: Bibarel|42/362|[from] item: Leftovers","|upkeep","|turn|12","|choice|move poweruppunch|move aquajet","|","|move|p2a: Bibarel|Aqua Jet|p1a: Jirachi","|-damage|p1a: Jirachi|180/341","|move|p1a: Jirachi|Power-Up Punch|p2a: Bibarel","|-supereffective|p2a: Bibarel","|-damage|p2a: Bibarel|0 fnt","|-boost|p1a: Jirachi|atk|1","|move|p1a: Jirachi|Cosmic Power|p1a: Jirachi|[from][Gen 7] Automagic","|-boost|p1a: Jirachi|def|1","|-boost|p1a: Jirachi|spd|1","|faint|p2a: Bibarel","|","|-heal|p1a: Jirachi|201/341|[from] item: Leftovers","|upkeep","|choice||switch 4","|","|switch|p2a: Infernape|Infernape, F|261/261","|turn|13","|choice|move zenheadbutt|move nightdaze","|","|move|p2a: Infernape|Night Daze|p1a: Jirachi","|-supereffective|p1a: Jirachi","|-damage|p1a: Jirachi|55/341","|move|p1a: Jirachi|Zen Headbutt|p2a: Infernape","|-immune|p2a: Infernape|[msg]","|","|-heal|p1a: Jirachi|76/341|[from] item: Leftovers","|upkeep","|turn|14","|choice|move ironhead|move nightdaze","|","|move|p2a: Infernape|Night Daze|p1a: Jirachi","|-supereffective|p1a: Jirachi","|-damage|p1a: Jirachi|0 fnt","|faint|p1a: Jirachi","|","|upkeep","|choice|switch 5|","|","|switch|p1a: Incineroar|Incineroar, M|331/331","|turn|15","|choice|move fakeout|move nightdaze","|","|move|p1a: Incineroar|Fake Out|p2a: Infernape","|replace|p2a: Zoroark|Zoroark, M","|-end|p2a: Zoroark|Illusion","|-damage|p2a: Zoroark|197/261","|move|p1a: Incineroar|Swords Dance|p1a: Incineroar|[from][Gen 7] Automagic","|-boost|p1a: Incineroar|atk|2","|cant|p2a: Zoroark|flinch","|","|upkeep","|turn|16","|choice|move flamecharge|move nightdaze","|","|move|p2a: Zoroark|Night Daze|p1a: Incineroar","|-resisted|p1a: Incineroar","|-damage|p1a: Incineroar|197/331","|move|p1a: Incineroar|Flame Charge|p2a: Zoroark","|-damage|p2a: Zoroark|0 fnt","|-boost|p1a: Incineroar|spe|1","|move|p1a: Incineroar|Swords Dance|p1a: Incineroar|[from][Gen 7] Automagic","|-boost|p1a: Incineroar|atk|2","|faint|p2a: Zoroark","|","|upkeep","|choice||switch 6","|","|switch|p2a: Infernape|Infernape, F|293/293","|turn|17","|choice|move flamecharge|move flamecharge","|","|move|p2a: Infernape|Flame Charge|p1a: Incineroar","|-resisted|p1a: Incineroar","|-damage|p1a: Incineroar|155/331","|-boost|p2a: Infernape|spe|1","|move|p2a: Infernape|Bulk Up|p2a: Infernape|[from][Gen 7] Automagic","|-boost|p2a: Infernape|atk|1","|-boost|p2a: Infernape|def|1","|move|p2a: Infernape|Hone Claws|p2a: Infernape|[from][Gen 7] Automagic","|-boost|p2a: Infernape|atk|1","|-boost|p2a: Infernape|accuracy|1","|move|p1a: Incineroar|Flame Charge|p2a: Infernape","|-resisted|p2a: Infernape","|-damage|p2a: Infernape|194/293","|-boost|p1a: Incineroar|spe|1","|move|p1a: Incineroar|Swords Dance|p1a: Incineroar|[from][Gen 7] Automagic","|-boost|p1a: Incineroar|atk|2","|","|upkeep","|turn|18","|choice|move darkestlariat|move flamecharge","|","|move|p2a: Infernape|Flame Charge|p1a: Incineroar","|-resisted|p1a: Incineroar","|-damage|p1a: Incineroar|74/331","|-boost|p2a: Infernape|spe|1","|move|p2a: Infernape|Bulk Up|p2a: Infernape|[from][Gen 7] Automagic","|-boost|p2a: Infernape|atk|1","|-boost|p2a: Infernape|def|1","|move|p2a: Infernape|Hone Claws|p2a: Infernape|[from][Gen 7] Automagic","|-boost|p2a: Infernape|atk|1","|-boost|p2a: Infernape|accuracy|1","|move|p1a: Incineroar|Darkest Lariat|p2a: Infernape","|-resisted|p2a: Infernape","|-damage|p2a: Infernape|0 fnt","|faint|p2a: Infernape","|","|upkeep","|choice||switch 3","|","|switch|p2a: Ribombee|Ribombee, F|323/323","|turn|19","|choice|move flamecharge|move strugglebug","|","|move|p1a: Incineroar|Flame Charge|p2a: Ribombee","|-supereffective|p2a: Ribombee","|-damage|p2a: Ribombee|0 fnt","|-boost|p1a: Incineroar|spe|1","|move|p1a: Incineroar|Swords Dance|p1a: Incineroar|[from][Gen 7] Automagic","|-boost|p1a: Incineroar|atk|0","|faint|p2a: Ribombee","|","|win|Fuck psd"],"p1rating":1045,"p2rating":1000,"endType":"normal","timestamp":"Wed Mar 08 2017 04:55:48 GMT+0000 (UTC)","id":"battle-gen7automagic-23235","format":"gen7automagic"}