{"seed":[27393,60947,15932,54839],"turns":19,"p1":"BatterBotto","p2":"Zmeeed •'◡'•","p1team":[{"name":"U.N. Oven Was Her","species":"rotomheat","item":"leftovers","ability":"Levitate","moves":["overheat","voltswitch","painsplit","thunderwave"],"nature":"Bold","evs":{"hp":248,"atk":0,"def":216,"spa":0,"spd":0,"spe":44},"ivs":{"hp":31,"atk":0,"def":31,"spa":31,"spd":31,"spe":31}},{"name":"D'Artagnan","species":"keldeoresolute","item":"choicespecs","ability":"Justified","moves":["hydropump","secretsword","scald","icywind"],"nature":"Timid","evs":{"hp":0,"atk":0,"def":0,"spa":252,"spd":4,"spe":252},"ivs":{"hp":31,"atk":0,"def":31,"spa":31,"spd":31,"spe":31}},{"name":"Diglett Sr.","species":"excadrill","item":"lifeorb","ability":"Sand Rush","moves":["earthquake","ironhead","rockslide","rapidspin"],"nature":"Adamant","evs":{"hp":0,"atk":252,"def":4,"spa":0,"spd":0,"spe":252},"gender":"M","ivs":{"hp":31,"atk":31,"def":31,"spa":31,"spd":31,"spe":31}},{"name":"Armor","species":"tyranitar","item":"smoothrock","ability":"Sand Stream","moves":["rockslide","icebeam","stealthrock","pursuit"],"nature":"Sassy","evs":{"hp":252,"atk":0,"def":0,"spa":4,"spd":252,"spe":0},"gender":"M","ivs":{"hp":31,"atk":31,"def":31,"spa":31,"spd":31,"spe":31}},{"name":"SNEK STAHP","species":"serperior","item":"expertbelt","ability":"Contrary","moves":["leafstorm","hiddenpowerfire","dragonpulse","knockoff"],"nature":"Timid","evs":{"hp":0,"atk":0,"def":0,"spa":252,"spd":4,"spe":252},"gender":"F","ivs":{"hp":31,"atk":30,"def":31,"spa":30,"spd":31,"spe":30}},{"name":"Waifumon","species":"gardevoir","item":"gardevoirite","ability":"Trace","moves":["hypervoice","psyshock","taunt","healingwish"],"nature":"Timid","evs":{"hp":16,"atk":0,"def":8,"spa":232,"spd":0,"spe":252},"gender":"F","ivs":{"hp":31,"atk":0,"def":31,"spa":31,"spd":31,"spe":31}}],"p2team":[{"name":"Genwunzard","species":"charizard","item":"charizarditex","ability":"Blaze","moves":["flareblitz","dragonclaw","earthquake","dragondance"],"nature":"Jolly","evs":{"hp":0,"atk":252,"def":4,"spa":0,"spd":0,"spe":252},"gender":"M","ivs":{"hp":31,"atk":31,"def":31,"spa":31,"spd":31,"spe":31}},{"name":"Proportions","species":"dragonite","item":"choiceband","ability":"Multiscale","moves":["outrage","superpower","firepunch","extremespeed"],"nature":"Adamant","evs":{"hp":0,"atk":252,"def":4,"spa":0,"spd":0,"spe":252},"gender":"M","ivs":{"hp":31,"atk":31,"def":31,"spa":31,"spd":31,"spe":31}},{"name":"Waifu","species":"latias","item":"lifeorb","ability":"Levitate","moves":["psyshock","dracometeor","defog","roost"],"nature":"Timid","evs":{"hp":0,"atk":0,"def":0,"spa":252,"spd":4,"spe":252},"ivs":{"hp":29,"atk":0,"def":31,"spa":31,"spd":31,"spe":31}},{"name":"U.F.O","species":"magnezone","item":"choicespecs","ability":"Magnet Pull","moves":["thunderbolt","flashcannon","voltswitch","hiddenpowerfire"],"nature":"Modest","evs":{"hp":128,"atk":0,"def":0,"spa":252,"spd":0,"spe":128},"ivs":{"hp":31,"atk":0,"def":31,"spa":30,"spd":31,"spe":30}},{"name":"MOUSE OF DOOM","species":"azumarill","item":"sitrusberry","ability":"Huge Power","moves":["aquajet","playrough","knockoff","bellydrum"],"nature":"Adamant","evs":{"hp":92,"atk":252,"def":0,"spa":0,"spd":0,"spe":164},"gender":"F","ivs":{"hp":31,"atk":31,"def":31,"spa":31,"spd":31,"spe":31}},{"name":"Maybe this'll work","species":"ferrothorn","item":"leftovers","ability":"Iron Barbs","moves":["powerwhip","thunderwave","stealthrock","leechseed"],"nature":"Impish","evs":{"hp":252,"atk":0,"def":88,"spa":0,"spd":168,"spe":0},"gender":"M","ivs":{"hp":31,"atk":31,"def":31,"spa":31,"spd":31,"spe":31}}],"log":["|player|p1|BatterBotto|batterbotto.png","|player|p2|Zmeeed •'◡'•|zmeeed.png","|gametype|singles","|gen|6","|tier|OU","|rated","|seed|27393,60947,15932,54839","|clearpoke","|poke|p1|Rotom-Heat|item","|poke|p1|Keldeo-Resolute|item","|poke|p1|Excadrill, M|item","|poke|p1|Tyranitar, M|item","|poke|p1|Serperior, F|item","|poke|p1|Gardevoir, F|item","|poke|p2|Charizard, M|item","|poke|p2|Dragonite, M|item","|poke|p2|Latias, F|item","|poke|p2|Magnezone|item","|poke|p2|Azumarill, F|item","|poke|p2|Ferrothorn, M|item","|rule|Swagger Clause: Swagger is banned","|rule|Baton Pass Clause: Limit one Baton Passer, can't pass Spe and other stats simultaneously","|rule|Sleep Clause Mod: Limit one foe put to sleep","|rule|Species Clause: Limit one of each Pokémon","|rule|OHKO Clause: OHKO moves are banned","|rule|Moody Clause: Moody is banned","|rule|Evasion Moves Clause: Evasion moves are banned","|rule|Endless Battle Clause: Forcing endless battles is banned","|rule|HP Percentage Mod: HP is shown in percentages","|teampreview","|choice|team 6, team 1, team 2, team 3, team 4, team 5|team 2, team 1, team 3, team 4, team 5, team 6","|","|start","|switch|p1a: Waifumon|Gardevoir, F|281/281","|switch|p2a: Proportions|Dragonite, M|323/323","|-ability|p1a: Waifumon|Multiscale|[from] ability: Trace|[of] p2a: Proportions","|turn|1","|choice|move hypervoice mega|switch 6","|","|switch|p2a: Maybe this'll work|Ferrothorn, M|352/352","|detailschange|p1a: Waifumon|Gardevoir-Mega, F","|-mega|p1a: Waifumon|Gardevoir|Gardevoirite","|move|p1a: Waifumon|Hyper Voice|p2a: Maybe this'll work","|-resisted|p2a: Maybe this'll work","|-damage|p2a: Maybe this'll work|261/352","|","|-heal|p2a: Maybe this'll work|283/352|[from] item: Leftovers","|turn|2","|choice|move taunt 1|move stealthrock","|","|move|p1a: Waifumon|Taunt|p2a: Maybe this'll work","|-start|p2a: Maybe this'll work|move: Taunt","|cant|p2a: Maybe this'll work|move: Taunt|Stealth Rock","|","|-heal|p2a: Maybe this'll work|305/352|[from] item: Leftovers","|turn|3","|choice|move psyshock 1|move powerwhip","|","|move|p1a: Waifumon|Psyshock|p2a: Maybe this'll work","|-resisted|p2a: Maybe this'll work","|-damage|p2a: Maybe this'll work|249/352","|move|p2a: Maybe this'll work|Power Whip|p1a: Waifumon","|-damage|p1a: Waifumon|98/281","|","|-heal|p2a: Maybe this'll work|271/352|[from] item: Leftovers","|turn|4","|choice|move psyshock 1|move powerwhip","|","|move|p1a: Waifumon|Psyshock|p2a: Maybe this'll work","|-resisted|p2a: Maybe this'll work","|-damage|p2a: Maybe this'll work|217/352","|move|p2a: Maybe this'll work|Power Whip|p1a: Waifumon","|-damage|p1a: Waifumon|0 fnt","|faint|p1a: Waifumon","|","|-heal|p2a: Maybe this'll work|239/352|[from] item: Leftovers","|-end|p2a: Maybe this'll work|move: Taunt","|choice|switch 2|","|","|switch|p1a: U.N. Oven Was Her|Rotom-Heat|303/303","|turn|5","|choice|move overheat 1|switch 3","|","|switch|p2a: Waifu|Latias, F|299/299","|move|p1a: U.N. Oven Was Her|Overheat|p2a: Waifu","|-resisted|p2a: Waifu","|-damage|p2a: Waifu|234/299","|-unboost|p1a: U.N. Oven Was Her|spa|2","|","|turn|6","|choice|switch 4|move dracometeor","|","|switch|p1a: Diglett Sr.|Excadrill, M|361/361","|move|p2a: Waifu|Draco Meteor|p1a: Diglett Sr.","|-resisted|p1a: Diglett Sr.","|-damage|p1a: Diglett Sr.|166/361","|-unboost|p2a: Waifu|spa|2","|-damage|p2a: Waifu|205/299|[from] item: Life Orb","|","|turn|7","|choice|move ironhead 1|switch 2","|","|switch|p2a: Genwunzard|Charizard, M|297/297","|move|p1a: Diglett Sr.|Iron Head|p2a: Genwunzard","|-resisted|p2a: Genwunzard","|-damage|p2a: Genwunzard|170/297","|-damage|p1a: Diglett Sr.|130/361|[from] item: Life Orb","|","|turn|8","|choice|move rockslide|move earthquake mega","|","|detailschange|p2a: Genwunzard|Charizard-Mega-X, M","|-mega|p2a: Genwunzard|Charizard|Charizardite X","|move|p2a: Genwunzard|Earthquake|p1a: Diglett Sr.","|-supereffective|p1a: Diglett Sr.","|-damage|p1a: Diglett Sr.|0 fnt","|faint|p1a: Diglett Sr.","|","|choice|switch 3|","|","|switch|p1a: D'Artagnan|Keldeo-Resolute|323/323","|turn|9","|choice|move scald 1|switch 2","|","|switch|p2a: Waifu|Latias, F|205/299","|move|p1a: D'Artagnan|Scald|p2a: Waifu","|-resisted|p2a: Waifu","|-damage|p2a: Waifu|127/299","|-status|p2a: Waifu|brn","|","|-damage|p2a: Waifu|90/299 brn|[from] brn","|turn|10","|choice|move scald 1|move roost","|","|move|p2a: Waifu|Roost|p2a: Waifu","|-heal|p2a: Waifu|240/299 brn","|move|p1a: D'Artagnan|Scald|p2a: Waifu","|-resisted|p2a: Waifu","|-damage|p2a: Waifu|159/299 brn","|","|-damage|p2a: Waifu|122/299 brn|[from] brn","|turn|11","|choice|move scald 1|move psyshock","|","|move|p2a: Waifu|Psyshock|p1a: D'Artagnan","|-supereffective|p1a: D'Artagnan","|-damage|p1a: D'Artagnan|0 fnt","|-damage|p2a: Waifu|93/299 brn|[from] item: Life Orb","|faint|p1a: D'Artagnan","|","|-damage|p2a: Waifu|56/299 brn|[from] brn","|choice|switch 5|","|","|switch|p1a: Armor|Tyranitar, M|404/404","|-weather|Sandstorm|[from] ability: Sand Stream|[of] p1a: Armor","|turn|12","|choice|move pursuit 1|switch 3","|","|-activate|p2a: Waifu|move: Pursuit","|move|p1a: Armor|Pursuit|p2a: Waifu|[from]Pursuit","|-supereffective|p2a: Waifu","|-damage|p2a: Waifu|0 fnt","|faint|p2a: Waifu","|","|-weather|Sandstorm|[upkeep]","|choice||switch 3","|","|switch|p2a: Maybe this'll work|Ferrothorn, M|239/352","|turn|13","|choice|switch 4|move stealthrock","|","|switch|p1a: U.N. Oven Was Her|Rotom-Heat|303/303","|move|p2a: Maybe this'll work|Stealth Rock|p1a: U.N. Oven Was Her","|-sidestart|p1: BatterBotto|move: Stealth Rock","|","|-weather|Sandstorm|[upkeep]","|-damage|p1a: U.N. Oven Was Her|285/303|[from] sandstorm","|-heal|p1a: U.N. Oven Was Her|303/303|[from] item: Leftovers","|-heal|p2a: Maybe this'll work|261/352|[from] item: Leftovers","|turn|14","|choice|move overheat 1|switch 2","|","|switch|p2a: Genwunzard|Charizard-Mega-X, M|170/297","|move|p1a: U.N. Oven Was Her|Overheat|p2a: Genwunzard","|-resisted|p2a: Genwunzard","|-crit|p2a: Genwunzard","|-damage|p2a: Genwunzard|105/297","|-unboost|p1a: U.N. Oven Was Her|spa|2","|","|-weather|Sandstorm|[upkeep]","|-damage|p2a: Genwunzard|87/297|[from] sandstorm","|-damage|p1a: U.N. Oven Was Her|285/303|[from] sandstorm","|-heal|p1a: U.N. Oven Was Her|303/303|[from] item: Leftovers","|turn|15","|choice|switch 4|move dragonclaw","|","|switch|p1a: Armor|Tyranitar, M|404/404","|-damage|p1a: Armor|354/404|[from] Stealth Rock","|move|p2a: Genwunzard|Dragon Claw|p1a: Armor","|-damage|p1a: Armor|173/404","|","|-weather|Sandstorm|[upkeep]","|-damage|p2a: Genwunzard|69/297|[from] sandstorm","|turn|16","|choice|move rockslide|move earthquake","|","|move|p2a: Genwunzard|Earthquake|p1a: Armor","|-supereffective|p1a: Armor","|-damage|p1a: Armor|0 fnt","|faint|p1a: Armor","|","|-weather|Sandstorm|[upkeep]","|-damage|p2a: Genwunzard|51/297|[from] sandstorm","|choice|switch 4|","|","|switch|p1a: U.N. Oven Was Her|Rotom-Heat|303/303","|-damage|p1a: U.N. Oven Was Her|228/303|[from] Stealth Rock","|turn|17","|choice|move voltswitch 1|move dragonclaw","|","|move|p2a: Genwunzard|Dragon Claw|p1a: U.N. Oven Was Her","|-damage|p1a: U.N. Oven Was Her|104/303","|move|p1a: U.N. Oven Was Her|Volt Switch|p2a: Genwunzard","|-resisted|p2a: Genwunzard","|-damage|p2a: Genwunzard|0 fnt","|faint|p2a: Genwunzard","|choice|switch 6|","|","|switch|p1a: SNEK STAHP|Serperior, F|291/291","|-damage|p1a: SNEK STAHP|255/291|[from] Stealth Rock","|","|-weather|Sandstorm|[upkeep]","|-damage|p1a: SNEK STAHP|237/291|[from] sandstorm","|choice||switch 6","|","|switch|p2a: Proportions|Dragonite, M|323/323","|turn|18","|choice|switch 6|move firepunch","|","|switch|p1a: U.N. Oven Was Her|Rotom-Heat|104/303","|-damage|p1a: U.N. Oven Was Her|29/303|[from] Stealth Rock","|move|p2a: Proportions|Fire Punch|p1a: U.N. Oven Was Her","|-resisted|p1a: U.N. Oven Was Her","|-damage|p1a: U.N. Oven Was Her|0 fnt","|faint|p1a: U.N. Oven Was Her","|","|-weather|Sandstorm|[upkeep]","|-damage|p2a: Proportions|303/323|[from] sandstorm","|choice|switch 6|","|","|switch|p1a: SNEK STAHP|Serperior, F|237/291","|-damage|p1a: SNEK STAHP|201/291|[from] Stealth Rock","|turn|19","|choice|move dragonpulse 1|move firepunch","|","|move|p1a: SNEK STAHP|Dragon Pulse|p2a: Proportions","|-supereffective|p2a: Proportions","|-damage|p2a: Proportions|128/323","|move|p2a: Proportions|Fire Punch|p1a: SNEK STAHP","|-supereffective|p1a: SNEK STAHP","|-damage|p1a: SNEK STAHP|0 fnt","|faint|p1a: SNEK STAHP","|","|win|Zmeeed •'◡'•"],"p1rating":1051.6744397723487,"p2rating":1053.366302106177,"endType":"normal"}