{"seed":[10311,59252,19294,42993],"turns":21,"p1":"FlareonDriod","p2":"BatterBotto","p1team":[{"name":"Beedrill","species":"Beedrill","item":"beedrillite","ability":"Swarm","moves":["uturn","poisonjab","drillrun","protect"],"nature":"Jolly","evs":{"hp":0,"atk":252,"def":0,"spa":0,"spd":4,"spe":252},"ivs":{"hp":31,"atk":31,"def":31,"spa":31,"spd":31,"spe":31}},{"name":"Whimsicott","species":"Whimsicott","item":"yacheberry","ability":"Prankster","moves":["gigadrain","moonblast","encore","uturn"],"nature":"Timid","evs":{"hp":0,"atk":0,"def":0,"spa":252,"spd":4,"spe":252},"ivs":{"hp":31,"atk":31,"def":31,"spa":31,"spd":31,"spe":31}},{"name":"Empoleon","species":"Empoleon","item":"leftovers","ability":"Torrent","moves":["scald","icebeam","stealthrock","defog"],"nature":"Calm","evs":{"hp":252,"atk":0,"def":0,"spa":4,"spd":252,"spe":0},"ivs":{"hp":31,"atk":0,"def":31,"spa":31,"spd":31,"spe":31}},{"name":"Reuniclus","species":"Reuniclus","item":"leftovers","ability":"Magic Guard","moves":["calmmind","psyshock","shadowball","recover"],"nature":"Bold","evs":{"hp":252,"atk":0,"def":252,"spa":4,"spd":0,"spe":0},"ivs":{"hp":31,"atk":0,"def":31,"spa":31,"spd":31,"spe":31}},{"name":"Toxicroak","species":"Toxicroak","item":"lifeorb","ability":"Dry Skin","moves":["swordsdance","gunkshot","drainpunch","suckerpunch"],"nature":"Jolly","evs":{"hp":0,"atk":252,"def":0,"spa":0,"spd":4,"spe":252},"ivs":{"hp":31,"atk":31,"def":31,"spa":31,"spd":31,"spe":31}},{"name":"Hydreigon","species":"Hydreigon","item":"choicescarf","ability":"Levitate","moves":["dracometeor","darkpulse","fireblast","uturn"],"nature":"Timid","evs":{"hp":0,"atk":0,"def":0,"spa":252,"spd":4,"spe":252},"ivs":{"hp":31,"atk":31,"def":31,"spa":31,"spd":31,"spe":31}}],"p2team":[{"name":"U.N. Oven Was Her","species":"rotomheat","item":"leftovers","ability":"Levitate","moves":["overheat","voltswitch","painsplit","thunderwave"],"nature":"Bold","evs":{"hp":248,"atk":0,"def":216,"spa":0,"spd":0,"spe":44},"ivs":{"hp":31,"atk":0,"def":31,"spa":31,"spd":31,"spe":31}},{"name":"D'Artagnan","species":"keldeoresolute","item":"choicespecs","ability":"Justified","moves":["hydropump","secretsword","scald","icywind"],"nature":"Timid","evs":{"hp":0,"atk":0,"def":0,"spa":252,"spd":4,"spe":252},"ivs":{"hp":31,"atk":0,"def":31,"spa":31,"spd":31,"spe":31}},{"name":"Diglett Sr.","species":"excadrill","item":"lifeorb","ability":"Sand Rush","moves":["earthquake","ironhead","rockslide","rapidspin"],"nature":"Adamant","evs":{"hp":0,"atk":252,"def":4,"spa":0,"spd":0,"spe":252},"gender":"M","ivs":{"hp":31,"atk":31,"def":31,"spa":31,"spd":31,"spe":31}},{"name":"Armor","species":"tyranitar","item":"smoothrock","ability":"Sand Stream","moves":["rockslide","icebeam","stealthrock","pursuit"],"nature":"Sassy","evs":{"hp":252,"atk":0,"def":0,"spa":4,"spd":252,"spe":0},"gender":"M","ivs":{"hp":31,"atk":31,"def":31,"spa":31,"spd":31,"spe":31}},{"name":"SNEK STAHP","species":"serperior","item":"expertbelt","ability":"Contrary","moves":["leafstorm","hiddenpowerfire","dragonpulse","knockoff"],"nature":"Timid","evs":{"hp":0,"atk":0,"def":0,"spa":252,"spd":4,"spe":252},"gender":"F","ivs":{"hp":31,"atk":30,"def":31,"spa":30,"spd":31,"spe":30}},{"name":"Waifumon","species":"gardevoir","item":"gardevoirite","ability":"Trace","moves":["hypervoice","psyshock","taunt","healingwish"],"nature":"Timid","evs":{"hp":16,"atk":0,"def":8,"spa":232,"spd":0,"spe":252},"gender":"F","ivs":{"hp":31,"atk":0,"def":31,"spa":31,"spd":31,"spe":31}}],"log":["|player|p1|FlareonDriod|flareondriod.png","|player|p2|BatterBotto|batterbotto.png","|gametype|singles","|gen|6","|tier|OU","|rated","|seed|10311,59252,19294,42993","|clearpoke","|poke|p1|Beedrill, M|item","|poke|p1|Whimsicott, M|item","|poke|p1|Empoleon, F|item","|poke|p1|Reuniclus, F|item","|poke|p1|Toxicroak, M|item","|poke|p1|Hydreigon, F|item","|poke|p2|Rotom-Heat|item","|poke|p2|Keldeo-Resolute|item","|poke|p2|Excadrill, M|item","|poke|p2|Tyranitar, M|item","|poke|p2|Serperior, F|item","|poke|p2|Gardevoir, F|item","|rule|Swagger Clause: Swagger is banned","|rule|Baton Pass Clause: Limit one Baton Passer, can't pass Spe and other stats simultaneously","|rule|Sleep Clause Mod: Limit one foe put to sleep","|rule|Species Clause: Limit one of each Pokémon","|rule|OHKO Clause: OHKO moves are banned","|rule|Moody Clause: Moody is banned","|rule|Evasion Moves Clause: Evasion moves are banned","|rule|Endless Battle Clause: Forcing endless battles is banned","|rule|HP Percentage Mod: HP is shown in percentages","|teampreview","|choice|team 5, team 1, team 2, team 3, team 4, team 6|team 2, team 1, team 3, team 4, team 5, team 6","|","|start","|switch|p1a: Toxicroak|Toxicroak, M|307/307","|switch|p2a: D'Artagnan|Keldeo-Resolute|323/323","|turn|1","|choice|move gunkshot 1|move hydropump 1","|","|move|p2a: D'Artagnan|Hydro Pump|p1a: Toxicroak","|-immune|p1a: Toxicroak|[msg]|[from] ability: Dry Skin","|move|p1a: Toxicroak|Gunk Shot|p2a: D'Artagnan","|-damage|p2a: D'Artagnan|76/323","|-damage|p1a: Toxicroak|277/307|[from] item: Life Orb","|","|turn|2","|choice|move drainpunch 1|switch 3","|","|switch|p2a: Diglett Sr.|Excadrill, M|361/361","|move|p1a: Toxicroak|Drain Punch|p2a: Diglett Sr.","|-supereffective|p2a: Diglett Sr.","|-damage|p2a: Diglett Sr.|0 fnt","|-heal|p1a: Toxicroak|307/307|[from] drain|[of] p2a: Diglett Sr.","|-damage|p1a: Toxicroak|277/307|[from] item: Life Orb","|faint|p2a: Diglett Sr.","|","|choice||switch 2","|","|switch|p2a: U.N. Oven Was Her|Rotom-Heat|303/303","|turn|3","|choice|move gunkshot 1|move thunderwave 1","|","|move|p1a: Toxicroak|Gunk Shot|p2a: U.N. Oven Was Her","|-damage|p2a: U.N. Oven Was Her|120/303","|-damage|p1a: Toxicroak|247/307|[from] item: Life Orb","|move|p2a: U.N. Oven Was Her|Thunder Wave|p1a: Toxicroak","|-status|p1a: Toxicroak|par","|","|-heal|p2a: U.N. Oven Was Her|138/303|[from] item: Leftovers","|turn|4","|choice|move suckerpunch 1|move overheat 1","|","|move|p1a: Toxicroak|Sucker Punch|p2a: U.N. Oven Was Her","|-damage|p2a: U.N. Oven Was Her|55/303","|-damage|p1a: Toxicroak|217/307 par|[from] item: Life Orb","|move|p2a: U.N. Oven Was Her|Overheat|p1a: Toxicroak","|-damage|p1a: Toxicroak|0 fnt","|-unboost|p2a: U.N. Oven Was Her|spa|2","|faint|p1a: Toxicroak","|","|-heal|p2a: U.N. Oven Was Her|73/303|[from] item: Leftovers","|choice|switch 6|","|","|switch|p1a: Hydreigon|Hydreigon, F|325/325","|turn|5","|choice|move dracometeor 1|switch 6","|","|switch|p2a: Waifumon|Gardevoir, F|281/281","|-ability|p2a: Waifumon|Levitate|[from] ability: Trace|[of] p1a: Hydreigon","|move|p1a: Hydreigon|Draco Meteor|p2a: Waifumon","|-immune|p2a: Waifumon|[msg]","|","|turn|6","|choice|switch 4|move hypervoice mega","|","|switch|p1a: Empoleon|Empoleon, F|372/372","|detailschange|p2a: Waifumon|Gardevoir-Mega, F","|-mega|p2a: Waifumon|Gardevoir|Gardevoirite","|move|p2a: Waifumon|Hyper Voice|p1a: Empoleon","|-resisted|p1a: Empoleon","|-damage|p1a: Empoleon|287/372","|","|-heal|p1a: Empoleon|310/372|[from] item: Leftovers","|turn|7","|choice|move scald 1|switch 3","|","|switch|p2a: D'Artagnan|Keldeo-Resolute|76/323","|move|p1a: Empoleon|Scald|p2a: D'Artagnan","|-resisted|p2a: D'Artagnan","|-crit|p2a: D'Artagnan","|-damage|p2a: D'Artagnan|0 fnt","|faint|p2a: D'Artagnan","|","|-heal|p1a: Empoleon|333/372|[from] item: Leftovers","|choice||switch 5","|","|switch|p2a: SNEK STAHP|Serperior, F|291/291","|turn|8","|choice|switch 2|move leafstorm 1","|","|switch|p1a: Beedrill|Beedrill, M|271/271","|move|p2a: SNEK STAHP|Leaf Storm|p1a: Beedrill","|-resisted|p1a: Beedrill","|-damage|p1a: Beedrill|226/271","|-boost|p2a: SNEK STAHP|spa|2","|","|turn|9","|choice|move poisonjab 1 mega|move hiddenpower 1","|","|detailschange|p1a: Beedrill|Beedrill-Mega, M","|-mega|p1a: Beedrill|Beedrill|Beedrillite","|move|p2a: SNEK STAHP|Hidden Power|p1a: Beedrill","|-supereffective|p1a: Beedrill","|-damage|p1a: Beedrill|0 fnt","|faint|p1a: Beedrill","|","|choice|switch 4|","|","|switch|p1a: Hydreigon|Hydreigon, F|325/325","|turn|10","|choice|move fireblast 1|move leafstorm 1","|","|move|p1a: Hydreigon|Fire Blast|p2a: SNEK STAHP","|-supereffective|p2a: SNEK STAHP","|-damage|p2a: SNEK STAHP|47/291","|-status|p2a: SNEK STAHP|brn","|move|p2a: SNEK STAHP|Leaf Storm|p1a: Hydreigon","|-resisted|p1a: Hydreigon","|-crit|p1a: Hydreigon","|-damage|p1a: Hydreigon|86/325","|-boost|p2a: SNEK STAHP|spa|2","|","|-damage|p2a: SNEK STAHP|11/291 brn|[from] brn","|turn|11","|choice|move fireblast 1|move dragonpulse 1","|","|move|p1a: Hydreigon|Fire Blast|p2a: SNEK STAHP","|-supereffective|p2a: SNEK STAHP","|-damage|p2a: SNEK STAHP|0 fnt","|faint|p2a: SNEK STAHP","|","|choice||switch 3","|","|switch|p2a: Waifumon|Gardevoir-Mega, F|281/281","|turn|12","|choice|move fireblast 1|move hypervoice","|","|move|p1a: Hydreigon|Fire Blast|p2a: Waifumon","|-crit|p2a: Waifumon","|-damage|p2a: Waifumon|133/281","|move|p2a: Waifumon|Hyper Voice|p1a: Hydreigon","|-supereffective|p1a: Hydreigon","|-damage|p1a: Hydreigon|0 fnt","|faint|p1a: Hydreigon","|","|choice|switch 5|","|","|switch|p1a: Reuniclus|Reuniclus, F|424/424","|turn|13","|choice|move shadowball 1|move taunt 1","|","|move|p2a: Waifumon|Taunt|p1a: Reuniclus","|-start|p1a: Reuniclus|move: Taunt","|move|p1a: Reuniclus|Shadow Ball|p2a: Waifumon","|-supereffective|p2a: Waifumon","|-damage|p2a: Waifumon|9/281","|","|turn|14","|choice|move shadowball 1|move hypervoice","|","|move|p2a: Waifumon|Hyper Voice|p1a: Reuniclus","|-damage|p1a: Reuniclus|135/424","|move|p1a: Reuniclus|Shadow Ball|p2a: Waifumon","|-supereffective|p2a: Waifumon","|-damage|p2a: Waifumon|0 fnt","|faint|p2a: Waifumon","|","|-heal|p1a: Reuniclus|161/424|[from] item: Leftovers","|choice||switch 4","|","|switch|p2a: Armor|Tyranitar, M|404/404","|-weather|Sandstorm|[from] ability: Sand Stream|[of] p2a: Armor","|turn|15","|choice|switch 3|move pursuit 1","|","|-activate|p1a: Reuniclus|move: Pursuit","|move|p2a: Armor|Pursuit|p1a: Reuniclus|[from]Pursuit","|-supereffective|p1a: Reuniclus","|-damage|p1a: Reuniclus|0 fnt","|faint|p1a: Reuniclus","|","|-weather|Sandstorm|[upkeep]","|choice|switch 3|","|","|switch|p1a: Whimsicott|Whimsicott, M|261/261","|turn|16","|choice|move gigadrain 1|switch 6","|","|switch|p2a: U.N. Oven Was Her|Rotom-Heat|73/303","|move|p1a: Whimsicott|Giga Drain|p2a: U.N. Oven Was Her","|-resisted|p2a: U.N. Oven Was Her","|-damage|p2a: U.N. Oven Was Her|31/303","|","|-weather|Sandstorm|[upkeep]","|-damage|p1a: Whimsicott|245/261|[from] sandstorm","|-damage|p2a: U.N. Oven Was Her|13/303|[from] sandstorm","|-heal|p2a: U.N. Oven Was Her|31/303|[from] item: Leftovers","|turn|17","|choice|move gigadrain 1|move overheat 1","|","|move|p1a: Whimsicott|Giga Drain|p2a: U.N. Oven Was Her","|-resisted|p2a: U.N. Oven Was Her","|-damage|p2a: U.N. Oven Was Her|0 fnt","|-heal|p1a: Whimsicott|261/261|[from] drain|[of] p2a: U.N. Oven Was Her","|faint|p2a: U.N. Oven Was Her","|","|-weather|Sandstorm|[upkeep]","|-damage|p1a: Whimsicott|245/261|[from] sandstorm","|choice||switch 6","|","|switch|p2a: Armor|Tyranitar, M|404/404","|turn|18","|choice|move moonblast 1|move stealthrock","|","|move|p1a: Whimsicott|Moonblast|p2a: Armor","|-supereffective|p2a: Armor","|-damage|p2a: Armor|284/404","|move|p2a: Armor|Stealth Rock|p1a: Whimsicott","|-sidestart|p1: FlareonDriod|move: Stealth Rock","|","|-weather|Sandstorm|[upkeep]","|-damage|p1a: Whimsicott|229/261|[from] sandstorm","|turn|19","|choice|move gigadrain 1|move rockslide","|","|move|p1a: Whimsicott|Giga Drain|p2a: Armor","|-supereffective|p2a: Armor","|-damage|p2a: Armor|188/404","|-heal|p1a: Whimsicott|261/261|[from] drain|[of] p2a: Armor","|move|p2a: Armor|Rock Slide|p1a: Whimsicott","|-damage|p1a: Whimsicott|135/261","|","|-weather|Sandstorm|[upkeep]","|-damage|p1a: Whimsicott|119/261|[from] sandstorm","|turn|20","|choice|move moonblast 1|move icebeam 1","|","|move|p1a: Whimsicott|Moonblast|p2a: Armor","|-supereffective|p2a: Armor","|-damage|p2a: Armor|72/404","|move|p2a: Armor|Ice Beam|p1a: Whimsicott","|-supereffective|p1a: Whimsicott","|-enditem|p1a: Whimsicott|Yache Berry|[eat]","|-enditem|p1a: Whimsicott|Yache Berry|[weaken]","|-damage|p1a: Whimsicott|39/261","|","|-weather|Sandstorm|[upkeep]","|-damage|p1a: Whimsicott|23/261|[from] sandstorm","|turn|21","|choice|move gigadrain 1|move rockslide","|","|move|p1a: Whimsicott|Giga Drain|p2a: Armor","|-supereffective|p2a: Armor","|-damage|p2a: Armor|0 fnt","|-heal|p1a: Whimsicott|59/261|[from] drain|[of] p2a: Armor","|faint|p2a: Armor","|","|win|FlareonDriod"],"p1rating":1202.225374351242,"p2rating":1107.6706692037712,"endType":"normal"}