{"seed":[53320,56189,53425,12826],"turns":27,"p1":"BatterBotto","p2":"FlareonDriod","p1team":[{"name":"Seismitoad","species":"Seismitoad","item":"leftovers","ability":"Water Absorb","moves":["stealthrock","scald","earthpower","toxic"],"nature":"Bold","evs":{"hp":248,"atk":0,"def":240,"spa":0,"spd":20,"spe":0},"gender":"M","ivs":{"hp":31,"atk":0,"def":31,"spa":31,"spd":31,"spe":31}},{"name":"Skarmory","species":"Skarmory","item":"rockyhelmet","ability":"Sturdy","moves":["spikes","ironhead","roost","whirlwind"],"nature":"Impish","evs":{"hp":248,"atk":0,"def":0,"spa":0,"spd":236,"spe":24},"gender":"F","ivs":{"hp":31,"atk":31,"def":31,"spa":31,"spd":31,"spe":31}},{"name":"Clefable","species":"Clefable","item":"leftovers","ability":"Magic Guard","moves":["calmmind","moonblast","flamethrower","softboiled"],"nature":"Calm","evs":{"hp":252,"atk":0,"def":160,"spa":0,"spd":96,"spe":0},"gender":"F","ivs":{"hp":31,"atk":0,"def":31,"spa":31,"spd":31,"spe":31}},{"name":"Tyranitar","species":"Tyranitar","item":"choiceband","ability":"Sand Stream","moves":["pursuit","stoneedge","crunch","icepunch"],"nature":"Adamant","evs":{"hp":56,"atk":252,"def":4,"spa":0,"spd":0,"spe":196},"gender":"M","ivs":{"hp":31,"atk":31,"def":31,"spa":31,"spd":31,"spe":31}},{"name":"Gengar","species":"Gengar","item":"choicescarf","ability":"Levitate","moves":["shadowball","sludgewave","focusblast","trick"],"nature":"Timid","evs":{"hp":0,"atk":0,"def":0,"spa":252,"spd":4,"spe":252},"gender":"M","ivs":{"hp":31,"atk":0,"def":31,"spa":31,"spd":31,"spe":31},"shiny":true},{"name":"Latias","species":"Latias","item":"latiasite","ability":"Levitate","moves":["thunderbolt","icebeam","roost","thunderwave"],"nature":"Timid","evs":{"hp":248,"atk":0,"def":32,"spa":12,"spd":0,"spe":216},"ivs":{"hp":31,"atk":0,"def":31,"spa":31,"spd":31,"spe":31}}],"p2team":[{"name":"Pinky","species":"weavile","item":"lifeorb","ability":"Pressure","moves":["knockoff","iciclecrash","iceshard","pursuit"],"nature":"Jolly","evs":{"hp":0,"atk":252,"def":4,"spa":0,"spd":0,"spe":252},"gender":"F","shiny":true,"ivs":{"hp":31,"atk":31,"def":31,"spa":31,"spd":31,"spe":31}},{"name":"Dog","species":"manectric","item":"manectite","ability":"Lightning Rod","moves":["voltswitch","thunderbolt","overheat","hiddenpowerice"],"nature":"Timid","evs":{"hp":0,"atk":0,"def":4,"spa":252,"spd":0,"spe":252},"gender":"F","ivs":{"hp":31,"atk":30,"def":30,"spa":31,"spd":31,"spe":31},"shiny":true},{"name":"Fatty","species":"azumarill","item":"choicescarf","ability":"Huge Power","moves":["playrough","aquajet","waterfall","superpower"],"nature":"Adamant","evs":{"hp":4,"atk":252,"def":0,"spa":0,"spd":0,"spe":252},"gender":"F","shiny":true,"ivs":{"hp":31,"atk":31,"def":31,"spa":31,"spd":31,"spe":31}},{"name":"Bird","species":"talonflame","item":"lifeorb","ability":"Gale Wings","moves":["bravebird","flareblitz","roost","willowisp"],"nature":"Adamant","evs":{"hp":252,"atk":252,"def":0,"spa":0,"spd":4,"spe":0},"shiny":true,"ivs":{"hp":31,"atk":31,"def":31,"spa":31,"spd":31,"spe":31}},{"name":"Super Fatty","species":"chansey","item":"eviolite","ability":"Natural Cure","moves":["healbell","wish","seismictoss","thunderwave"],"nature":"Bold","evs":{"hp":248,"atk":0,"def":8,"spa":0,"spd":252,"spe":0},"ivs":{"hp":31,"atk":31,"def":31,"spa":31,"spd":31,"spe":31}},{"name":"Horned","species":"excadrill","item":"lifeorb","ability":"Mold Breaker","moves":["earthquake","rockslide","stealthrock","rapidspin"],"nature":"Adamant","evs":{"hp":0,"atk":252,"def":0,"spa":0,"spd":4,"spe":252},"gender":"M","shiny":true,"ivs":{"hp":31,"atk":31,"def":31,"spa":31,"spd":31,"spe":31}}],"log":["|player|p1|BatterBotto|batterbotto.png","|player|p2|FlareonDriod|flareondriod.png","|gametype|singles","|gen|6","|tier|OU","|rated","|seed|53320,56189,53425,12826","|clearpoke","|poke|p1|Seismitoad, M|item","|poke|p1|Skarmory, F|item","|poke|p1|Clefable, F|item","|poke|p1|Tyranitar, M|item","|poke|p1|Gengar, M, shiny|item","|poke|p1|Latias, F|item","|poke|p2|Weavile, F, shiny|item","|poke|p2|Manectric, F, shiny|item","|poke|p2|Azumarill, F, shiny|item","|poke|p2|Talonflame, F, shiny|item","|poke|p2|Chansey, F|item","|poke|p2|Excadrill, M, shiny|item","|rule|Swagger Clause: Swagger is banned","|rule|Baton Pass Clause: Limit one Baton Passer, can't pass Spe and other stats simultaneously","|rule|Sleep Clause Mod: Limit one foe put to sleep","|rule|Species Clause: Limit one of each Pokémon","|rule|OHKO Clause: OHKO moves are banned","|rule|Moody Clause: Moody is banned","|rule|Evasion Moves Clause: Evasion moves are banned","|rule|Endless Battle Clause: Forcing endless battles is banned","|rule|HP Percentage Mod: HP is shown in percentages","|teampreview","|choice|team 6, team 1, team 2, team 3, team 4, team 5|team 4, team 1, team 2, team 3, team 5, team 6","|","|start","|switch|p1a: Latias|Latias, F|363/363","|switch|p2a: Bird|Talonflame, F, shiny|360/360","|turn|1","|choice|switch 5|move bravebird 1","|","|switch|p1a: Tyranitar|Tyranitar, M|355/355","|-weather|Sandstorm|[from] ability: Sand Stream|[of] p1a: Tyranitar","|move|p2a: Bird|Brave Bird|p1a: Tyranitar","|-resisted|p1a: Tyranitar","|-damage|p1a: Tyranitar|250/355","|-damage|p2a: Bird|325/360|[from] recoil|[of] p1a: Tyranitar","|-damage|p2a: Bird|289/360|[from] item: Life Orb","|","|-weather|Sandstorm|[upkeep]","|-damage|p2a: Bird|267/360|[from] sandstorm","|turn|2","|choice|move stoneedge 1|move willowisp 1","|","|move|p2a: Bird|Will-O-Wisp|p1a: Tyranitar","|-status|p1a: Tyranitar|brn","|move|p1a: Tyranitar|Stone Edge|p2a: Bird","|-supereffective|p2a: Bird","|-damage|p2a: Bird|0 fnt","|faint|p2a: Bird","|","|-weather|Sandstorm|[upkeep]","|-damage|p1a: Tyranitar|206/355 brn|[from] brn","|choice||switch 6","|","|switch|p2a: Horned|Excadrill, M, shiny|361/361","|-ability|p2a: Horned|Mold Breaker","|turn|3","|choice|switch 3|move earthquake","|","|switch|p1a: Skarmory|Skarmory, F|333/333","|move|p2a: Horned|Earthquake|p1a: Skarmory","|-immune|p1a: Skarmory|[msg]","|","|-weather|Sandstorm|[upkeep]","|turn|4","|choice|move ironhead 1|move stealthrock","|","|move|p2a: Horned|Stealth Rock|p1a: Skarmory","|-sidestart|p1: BatterBotto|move: Stealth Rock","|move|p1a: Skarmory|Iron Head|p2a: Horned","|-resisted|p2a: Horned","|-damage|p2a: Horned|300/361","|","|-weather|Sandstorm|[upkeep]","|turn|5","|choice|move ironhead 1|move rockslide","|","|move|p2a: Horned|Rock Slide|p1a: Skarmory","|-damage|p1a: Skarmory|238/333","|-damage|p2a: Horned|264/361|[from] item: Life Orb","|move|p1a: Skarmory|Iron Head|p2a: Horned","|-resisted|p2a: Horned","|-damage|p2a: Horned|201/361","|","|-weather|none","|turn|6","|choice|move ironhead 1|move rockslide","|","|move|p2a: Horned|Rock Slide|p1a: Skarmory","|-damage|p1a: Skarmory|155/333","|-damage|p2a: Horned|165/361|[from] item: Life Orb","|cant|p1a: Skarmory|flinch","|","|turn|7","|choice|move ironhead 1|move rockslide","|","|move|p2a: Horned|Rock Slide|p1a: Skarmory","|-damage|p1a: Skarmory|63/333","|-damage|p2a: Horned|129/361|[from] item: Life Orb","|move|p1a: Skarmory|Iron Head|p2a: Horned","|-resisted|p2a: Horned","|-damage|p2a: Horned|66/361","|","|turn|8","|choice|move ironhead 1|move rockslide","|","|move|p2a: Horned|Rock Slide|p1a: Skarmory","|-damage|p1a: Skarmory|0 fnt","|-damage|p2a: Horned|30/361|[from] item: Life Orb","|faint|p1a: Skarmory","|","|choice|switch 2|","|","|switch|p1a: Seismitoad|Seismitoad, M|413/413","|-damage|p1a: Seismitoad|388/413|[from] Stealth Rock","|turn|9","|choice|move scald 1|move earthquake","|","|move|p2a: Horned|Earthquake|p1a: Seismitoad","|-damage|p1a: Seismitoad|153/413","|-damage|p2a: Horned|0 fnt|[from] item: Life Orb","|faint|p2a: Horned","|move|p1a: Seismitoad|Scald|p2: Horned|[notarget]","|-notarget","|","|-heal|p1a: Seismitoad|178/413|[from] item: Leftovers","|choice||switch 4","|","|switch|p2a: Fatty|Azumarill, F, shiny|342/342","|turn|10","|choice|switch 6|move superpower 1","|","|switch|p1a: Gengar|Gengar, M, shiny|261/261","|-damage|p1a: Gengar|229/261|[from] Stealth Rock","|move|p2a: Fatty|Superpower|p1a: Gengar","|-immune|p1a: Gengar|[msg]","|","|turn|11","|choice|move sludgewave|switch 5","|","|switch|p2a: Super Fatty|Chansey, F|703/703","|move|p1a: Gengar|Sludge Wave|p2a: Super Fatty","|-damage|p2a: Super Fatty|618/703","|","|turn|12","|choice|move sludgewave|move wish","|","|move|p1a: Gengar|Sludge Wave|p2a: Super Fatty","|-damage|p2a: Super Fatty|537/703","|move|p2a: Super Fatty|Wish|p2a: Super Fatty","|","|turn|13","|choice|move sludgewave|move thunderwave 1","|","|move|p1a: Gengar|Sludge Wave|p2a: Super Fatty","|-damage|p2a: Super Fatty|452/703","|move|p2a: Super Fatty|Thunder Wave|p1a: Gengar","|-status|p1a: Gengar|par","|","|-heal|p2a: Super Fatty|703/703|[from] move: Wish|[wisher] Super Fatty","|turn|14","|choice|move sludgewave|move wish","|","|move|p2a: Super Fatty|Wish|p2a: Super Fatty","|move|p1a: Gengar|Sludge Wave|p2a: Super Fatty","|-damage|p2a: Super Fatty|622/703","|","|turn|15","|choice|move sludgewave|switch 2","|","|switch|p2a: Pinky|Weavile, F, shiny|281/281","|-ability|p2a: Pinky|Pressure","|move|p1a: Gengar|Sludge Wave|p2a: Pinky","|-damage|p2a: Pinky|70/281","|","|-heal|p2a: Pinky|281/281|[from] move: Wish|[wisher] Super Fatty","|turn|16","|choice|move sludgewave|move pursuit 1","|","|move|p2a: Pinky|Pursuit|p1a: Gengar","|-supereffective|p1a: Gengar","|-damage|p1a: Gengar|0 fnt","|-damage|p2a: Pinky|253/281|[from] item: Life Orb","|faint|p1a: Gengar","|","|choice|switch 3|","|","|switch|p1a: Tyranitar|Tyranitar, M|206/355 brn","|-damage|p1a: Tyranitar|162/355 brn|[from] Stealth Rock","|-weather|Sandstorm|[from] ability: Sand Stream|[of] p1a: Tyranitar","|turn|17","|choice|move stoneedge 1|move iciclecrash 1","|","|move|p2a: Pinky|Icicle Crash|p1a: Tyranitar","|-damage|p1a: Tyranitar|0 fnt","|-damage|p2a: Pinky|225/281|[from] item: Life Orb","|faint|p1a: Tyranitar","|","|-weather|Sandstorm|[upkeep]","|-damage|p2a: Pinky|208/281|[from] sandstorm","|choice|switch 4|","|","|switch|p1a: Clefable|Clefable, F|394/394","|turn|18","|choice|move calmmind|move iciclecrash 1","|","|move|p2a: Pinky|Icicle Crash|p1a: Clefable","|-damage|p1a: Clefable|187/394","|-damage|p2a: Pinky|180/281|[from] item: Life Orb","|move|p1a: Clefable|Calm Mind|p1a: Clefable","|-boost|p1a: Clefable|spa|1","|-boost|p1a: Clefable|spd|1","|","|-weather|Sandstorm|[upkeep]","|-damage|p2a: Pinky|163/281|[from] sandstorm","|-heal|p1a: Clefable|211/394|[from] item: Leftovers","|turn|19","|choice|move flamethrower 1|move iciclecrash 1","|","|move|p2a: Pinky|Icicle Crash|p1a: Clefable","|-crit|p1a: Clefable","|-damage|p1a: Clefable|0 fnt","|-damage|p2a: Pinky|135/281|[from] item: Life Orb","|faint|p1a: Clefable","|","|-weather|Sandstorm|[upkeep]","|-damage|p2a: Pinky|118/281|[from] sandstorm","|choice|switch 6|","|","|switch|p1a: Seismitoad|Seismitoad, M|178/413","|-damage|p1a: Seismitoad|153/413|[from] Stealth Rock","|turn|20","|choice|move earthpower 1|move pursuit 1","|","|move|p2a: Pinky|Pursuit|p1a: Seismitoad","|-damage|p1a: Seismitoad|75/413","|-damage|p2a: Pinky|90/281|[from] item: Life Orb","|move|p1a: Seismitoad|Earth Power|p2a: Pinky","|-damage|p2a: Pinky|0 fnt","|faint|p2a: Pinky","|","|-weather|Sandstorm|[upkeep]","|-heal|p1a: Seismitoad|100/413|[from] item: Leftovers","|choice||switch 5","|","|switch|p2a: Fatty|Azumarill, F, shiny|342/342","|turn|21","|choice|move earthpower 1|move superpower 1","|","|move|p2a: Fatty|Superpower|p1a: Seismitoad","|-damage|p1a: Seismitoad|0 fnt","|-unboost|p2a: Fatty|atk|1","|-unboost|p2a: Fatty|def|1","|faint|p1a: Seismitoad","|","|-weather|none","|choice|switch 5|","|","|switch|p1a: Latias|Latias, F|363/363","|-damage|p1a: Latias|318/363|[from] Stealth Rock","|turn|22","|choice|move thunderbolt 1 mega|switch 3","|","|switch|p2a: Dog|Manectric, F, shiny|281/281","|detailschange|p1a: Latias|Latias-Mega, F","|-mega|p1a: Latias|Latias|Latiasite","|move|p1a: Latias|Thunderbolt|p2a: Dog","|-ability|p2a: Dog|Lightning Rod|boost","|-boost|p2a: Dog|spa|1","|","|turn|23","|choice|move icebeam 1|move hiddenpower 1 mega","|","|detailschange|p2a: Dog|Manectric-Mega, F, shiny","|-mega|p2a: Dog|Manectric|Manectite","|-ability|p2a: Dog|Intimidate|boost","|-unboost|p1a: Latias|atk|1","|move|p1a: Latias|Ice Beam|p2a: Dog","|-damage|p2a: Dog|168/281","|move|p2a: Dog|Hidden Power|p1a: Latias","|-supereffective|p1a: Latias","|-damage|p1a: Latias|150/363","|","|turn|24","|choice|move roost|move overheat 1","|","|move|p2a: Dog|Overheat|p1a: Latias","|-resisted|p1a: Latias","|-damage|p1a: Latias|68/363","|-unboost|p2a: Dog|spa|2","|move|p1a: Latias|Roost|p1a: Latias","|-heal|p1a: Latias|250/363","|","|turn|25","|choice|move icebeam 1|move hiddenpower 1","|","|move|p2a: Dog|Hidden Power|p1a: Latias","|-supereffective|p1a: Latias","|-damage|p1a: Latias|174/363","|move|p1a: Latias|Ice Beam|p2a: Dog","|-damage|p2a: Dog|47/281","|","|turn|26","|choice|move icebeam 1|move hiddenpower 1","|","|move|p2a: Dog|Hidden Power|p1a: Latias","|-supereffective|p1a: Latias","|-damage|p1a: Latias|98/363","|move|p1a: Latias|Ice Beam|p2a: Dog","|-damage|p2a: Dog|0 fnt","|faint|p2a: Dog","|","|choice||switch 3","|","|switch|p2a: Fatty|Azumarill, F, shiny|342/342","|turn|27","|choice|move roost|move playrough 1","|","|move|p1a: Latias|Roost|p1a: Latias","|-heal|p1a: Latias|280/363","|move|p2a: Fatty|Play Rough|p1a: Latias","|-supereffective|p1a: Latias","|-damage|p1a: Latias|0 fnt","|faint|p1a: Latias","|","|win|FlareonDriod"],"p1rating":1000,"p2rating":1045,"endType":"normal"}