{"seed":[16661,65001,17226,52887],"turns":21,"p1":"FlareonDriod","p2":"BatterBotto","p1team":[{"name":"Pinky","species":"weavile","item":"lifeorb","ability":"Pressure","moves":["knockoff","iciclecrash","iceshard","pursuit"],"nature":"Jolly","evs":{"hp":0,"atk":252,"def":4,"spa":0,"spd":0,"spe":252},"gender":"F","shiny":true,"ivs":{"hp":31,"atk":31,"def":31,"spa":31,"spd":31,"spe":31}},{"name":"Dog","species":"manectric","item":"manectite","ability":"Lightning Rod","moves":["voltswitch","thunderbolt","overheat","hiddenpowerice"],"nature":"Timid","evs":{"hp":0,"atk":0,"def":4,"spa":252,"spd":0,"spe":252},"gender":"F","ivs":{"hp":31,"atk":30,"def":30,"spa":31,"spd":31,"spe":31},"shiny":true},{"name":"Fatty","species":"azumarill","item":"choicescarf","ability":"Huge Power","moves":["playrough","aquajet","waterfall","superpower"],"nature":"Adamant","evs":{"hp":4,"atk":252,"def":0,"spa":0,"spd":0,"spe":252},"gender":"F","shiny":true,"ivs":{"hp":31,"atk":31,"def":31,"spa":31,"spd":31,"spe":31}},{"name":"Bird","species":"talonflame","item":"lifeorb","ability":"Gale Wings","moves":["bravebird","flareblitz","roost","willowisp"],"nature":"Adamant","evs":{"hp":252,"atk":252,"def":0,"spa":0,"spd":4,"spe":0},"shiny":true,"ivs":{"hp":31,"atk":31,"def":31,"spa":31,"spd":31,"spe":31}},{"name":"Super Fatty","species":"chansey","item":"eviolite","ability":"Natural Cure","moves":["healbell","wish","seismictoss","thunderwave"],"nature":"Bold","evs":{"hp":248,"atk":0,"def":8,"spa":0,"spd":252,"spe":0},"ivs":{"hp":31,"atk":31,"def":31,"spa":31,"spd":31,"spe":31}},{"name":"Horned","species":"excadrill","item":"lifeorb","ability":"Mold Breaker","moves":["earthquake","rockslide","stealthrock","rapidspin"],"nature":"Adamant","evs":{"hp":0,"atk":252,"def":0,"spa":0,"spd":4,"spe":252},"gender":"M","shiny":true,"ivs":{"hp":31,"atk":31,"def":31,"spa":31,"spd":31,"spe":31}}],"p2team":[{"name":"U.N. Oven Was Her","species":"rotomheat","item":"leftovers","ability":"Levitate","moves":["overheat","voltswitch","painsplit","thunderwave"],"nature":"Bold","evs":{"hp":248,"atk":0,"def":216,"spa":0,"spd":0,"spe":44},"ivs":{"hp":31,"atk":0,"def":31,"spa":31,"spd":31,"spe":31}},{"name":"D'Artagnan","species":"keldeoresolute","item":"choicespecs","ability":"Justified","moves":["hydropump","secretsword","scald","icywind"],"nature":"Timid","evs":{"hp":0,"atk":0,"def":0,"spa":252,"spd":4,"spe":252},"ivs":{"hp":31,"atk":0,"def":31,"spa":31,"spd":31,"spe":31}},{"name":"Diglett Sr.","species":"excadrill","item":"lifeorb","ability":"Sand Rush","moves":["earthquake","ironhead","rockslide","rapidspin"],"nature":"Adamant","evs":{"hp":0,"atk":252,"def":4,"spa":0,"spd":0,"spe":252},"gender":"M","ivs":{"hp":31,"atk":31,"def":31,"spa":31,"spd":31,"spe":31}},{"name":"Armor","species":"tyranitar","item":"smoothrock","ability":"Sand Stream","moves":["rockslide","icebeam","stealthrock","pursuit"],"nature":"Sassy","evs":{"hp":252,"atk":0,"def":0,"spa":4,"spd":252,"spe":0},"gender":"M","ivs":{"hp":31,"atk":31,"def":31,"spa":31,"spd":31,"spe":31}},{"name":"SNEK STAHP","species":"serperior","item":"expertbelt","ability":"Contrary","moves":["leafstorm","hiddenpowerfire","dragonpulse","knockoff"],"nature":"Timid","evs":{"hp":0,"atk":0,"def":0,"spa":252,"spd":4,"spe":252},"gender":"F","ivs":{"hp":31,"atk":30,"def":31,"spa":30,"spd":31,"spe":30}},{"name":"Waifumon","species":"gardevoir","item":"gardevoirite","ability":"Trace","moves":["hypervoice","psyshock","taunt","healingwish"],"nature":"Timid","evs":{"hp":16,"atk":0,"def":8,"spa":232,"spd":0,"spe":252},"gender":"F","ivs":{"hp":31,"atk":0,"def":31,"spa":31,"spd":31,"spe":31}}],"log":["|player|p1|FlareonDriod|flareondriod.png","|player|p2|BatterBotto|batterbotto.png","|gametype|singles","|gen|6","|tier|OU","|rated","|seed|16661,65001,17226,52887","|clearpoke","|poke|p1|Weavile, F, shiny|item","|poke|p1|Manectric, F, shiny|item","|poke|p1|Azumarill, F, shiny|item","|poke|p1|Talonflame, F, shiny|item","|poke|p1|Chansey, F|item","|poke|p1|Excadrill, M, shiny|item","|poke|p2|Rotom-Heat|item","|poke|p2|Keldeo-Resolute|item","|poke|p2|Excadrill, M|item","|poke|p2|Tyranitar, M|item","|poke|p2|Serperior, F|item","|poke|p2|Gardevoir, F|item","|rule|Swagger Clause: Swagger is banned","|rule|Baton Pass Clause: Limit one Baton Passer, can't pass Spe and other stats simultaneously","|rule|Sleep Clause Mod: Limit one foe put to sleep","|rule|Species Clause: Limit one of each Pokémon","|rule|OHKO Clause: OHKO moves are banned","|rule|Moody Clause: Moody is banned","|rule|Evasion Moves Clause: Evasion moves are banned","|rule|Endless Battle Clause: Forcing endless battles is banned","|rule|HP Percentage Mod: HP is shown in percentages","|teampreview","|choice|team 4, team 1, team 2, team 3, team 5, team 6|team 4, team 1, team 2, team 3, team 5, team 6","|","|start","|switch|p1a: Bird|Talonflame, F, shiny|360/360","|switch|p2a: Armor|Tyranitar, M|404/404","|-weather|Sandstorm|[from] ability: Sand Stream|[of] p2a: Armor","|turn|1","|choice|switch 6|move rockslide","|","|switch|p1a: Horned|Excadrill, M, shiny|361/361","|-ability|p1a: Horned|Mold Breaker","|move|p2a: Armor|Rock Slide|p1a: Horned","|-resisted|p1a: Horned","|-damage|p1a: Horned|320/361","|","|-weather|Sandstorm|[upkeep]","|turn|2","|choice|move earthquake|switch 3","|","|switch|p2a: D'Artagnan|Keldeo-Resolute|323/323","|move|p1a: Horned|Earthquake|p2a: D'Artagnan","|-damage|p2a: D'Artagnan|27/323","|-damage|p1a: Horned|284/361|[from] item: Life Orb","|","|-weather|Sandstorm|[upkeep]","|-damage|p2a: D'Artagnan|7/323|[from] sandstorm","|turn|3","|choice|move earthquake|move hydropump 1","|","|move|p2a: D'Artagnan|Hydro Pump|p1a: Horned|[miss]","|-miss|p2a: D'Artagnan|p1a: Horned","|move|p1a: Horned|Earthquake|p2a: D'Artagnan","|-damage|p2a: D'Artagnan|0 fnt","|-damage|p1a: Horned|248/361|[from] item: Life Orb","|faint|p2a: D'Artagnan","|","|-weather|Sandstorm|[upkeep]","|choice||switch 5","|","|switch|p2a: SNEK STAHP|Serperior, F|291/291","|turn|4","|choice|move rockslide|move leafstorm 1","|","|move|p2a: SNEK STAHP|Leaf Storm|p1a: Horned|[miss]","|-miss|p2a: SNEK STAHP|p1a: Horned","|move|p1a: Horned|Rock Slide|p2a: SNEK STAHP","|-damage|p2a: SNEK STAHP|158/291","|-damage|p1a: Horned|212/361|[from] item: Life Orb","|","|-weather|Sandstorm|[upkeep]","|-damage|p2a: SNEK STAHP|140/291|[from] sandstorm","|turn|5","|choice|move earthquake|move leafstorm 1","|","|move|p2a: SNEK STAHP|Leaf Storm|p1a: Horned|[miss]","|-miss|p2a: SNEK STAHP|p1a: Horned","|move|p1a: Horned|Earthquake|p2a: SNEK STAHP","|-resisted|p2a: SNEK STAHP","|-damage|p2a: SNEK STAHP|9/291","|-damage|p1a: Horned|176/361|[from] item: Life Orb","|","|-weather|Sandstorm|[upkeep]","|-damage|p2a: SNEK STAHP|0 fnt|[from] sandstorm","|faint|p2a: SNEK STAHP","|choice||switch 4","|","|switch|p2a: Diglett Sr.|Excadrill, M|361/361","|turn|6","|choice|move earthquake|move earthquake","|","|move|p2a: Diglett Sr.|Earthquake|p1a: Horned","|-supereffective|p1a: Horned","|-damage|p1a: Horned|0 fnt","|-damage|p2a: Diglett Sr.|325/361|[from] item: Life Orb","|faint|p1a: Horned","|","|-weather|Sandstorm|[upkeep]","|choice|switch 6|","|","|switch|p1a: Bird|Talonflame, F, shiny|360/360","|turn|7","|choice|move flareblitz 1|move rockslide","|","|move|p2a: Diglett Sr.|Rock Slide|p1a: Bird","|-supereffective|p1a: Bird","|-damage|p1a: Bird|0 fnt","|-damage|p2a: Diglett Sr.|289/361|[from] item: Life Orb","|faint|p1a: Bird","|","|-weather|Sandstorm|[upkeep]","|choice|switch 4|","|","|switch|p1a: Fatty|Azumarill, F, shiny|342/342","|turn|8","|choice|move waterfall 1|move earthquake","|","|move|p2a: Diglett Sr.|Earthquake|p1a: Fatty","|-damage|p1a: Fatty|29/342","|-damage|p2a: Diglett Sr.|253/361|[from] item: Life Orb","|move|p1a: Fatty|Waterfall|p2a: Diglett Sr.","|-supereffective|p2a: Diglett Sr.","|-damage|p2a: Diglett Sr.|0 fnt","|faint|p2a: Diglett Sr.","|","|-weather|none","|choice||switch 6","|","|switch|p2a: Waifumon|Gardevoir, F|281/281","|-ability|p2a: Waifumon|Huge Power|[from] ability: Trace|[of] p1a: Fatty","|turn|9","|choice|move waterfall 1|move hypervoice mega","|","|detailschange|p2a: Waifumon|Gardevoir-Mega, F","|-mega|p2a: Waifumon|Gardevoir|Gardevoirite","|move|p1a: Fatty|Waterfall|p2a: Waifumon","|-damage|p2a: Waifumon|23/281","|move|p2a: Waifumon|Hyper Voice|p1a: Fatty","|-damage|p1a: Fatty|0 fnt","|faint|p1a: Fatty","|","|choice|switch 2|","|","|switch|p1a: Pinky|Weavile, F, shiny|281/281","|-ability|p1a: Pinky|Pressure","|turn|10","|choice|move iciclecrash 1|move hypervoice","|","|move|p1a: Pinky|Icicle Crash|p2a: Waifumon","|-damage|p2a: Waifumon|0 fnt","|-damage|p1a: Pinky|253/281|[from] item: Life Orb","|faint|p2a: Waifumon","|","|choice||switch 2","|","|switch|p2a: U.N. Oven Was Her|Rotom-Heat|303/303","|turn|11","|choice|move iciclecrash 1|move overheat 1","|","|move|p1a: Pinky|Icicle Crash|p2a: U.N. Oven Was Her","|-resisted|p2a: U.N. Oven Was Her","|-damage|p2a: U.N. Oven Was Her|243/303","|-damage|p1a: Pinky|225/281|[from] item: Life Orb","|cant|p2a: U.N. Oven Was Her|flinch","|","|-heal|p2a: U.N. Oven Was Her|261/303|[from] item: Leftovers","|turn|12","|choice|move knockoff 1|move overheat 1","|","|move|p1a: Pinky|Knock Off|p2a: U.N. Oven Was Her","|-damage|p2a: U.N. Oven Was Her|123/303","|-enditem|p2a: U.N. Oven Was Her|Leftovers|[from] move: Knock Off|[of] p1a: Pinky","|-damage|p1a: Pinky|197/281|[from] item: Life Orb","|move|p2a: U.N. Oven Was Her|Overheat|p1a: Pinky","|-supereffective|p1a: Pinky","|-damage|p1a: Pinky|0 fnt","|-unboost|p2a: U.N. Oven Was Her|spa|2","|faint|p1a: Pinky","|","|choice|switch 3|","|","|switch|p1a: Dog|Manectric, F, shiny|281/281","|turn|13","|choice|move thunderbolt 1 mega|switch 3","|","|switch|p2a: Armor|Tyranitar, M|404/404","|-weather|Sandstorm|[from] ability: Sand Stream|[of] p2a: Armor","|detailschange|p1a: Dog|Manectric-Mega, F, shiny","|-mega|p1a: Dog|Manectric|Manectite","|-ability|p1a: Dog|Intimidate|boost","|-unboost|p2a: Armor|atk|1","|move|p1a: Dog|Thunderbolt|p2a: Armor","|-damage|p2a: Armor|320/404","|","|-weather|Sandstorm|[upkeep]","|-damage|p1a: Dog|264/281|[from] sandstorm","|turn|14","|choice|move thunderbolt 1|switch 3","|","|switch|p2a: U.N. Oven Was Her|Rotom-Heat|123/303","|move|p1a: Dog|Thunderbolt|p2a: U.N. Oven Was Her","|-resisted|p2a: U.N. Oven Was Her","|-damage|p2a: U.N. Oven Was Her|41/303","|","|-weather|Sandstorm|[upkeep]","|-damage|p1a: Dog|247/281|[from] sandstorm","|-damage|p2a: U.N. Oven Was Her|23/303|[from] sandstorm","|turn|15","|choice|move overheat 1|move overheat 1","|","|move|p1a: Dog|Overheat|p2a: U.N. Oven Was Her","|-resisted|p2a: U.N. Oven Was Her","|-damage|p2a: U.N. Oven Was Her|0 fnt","|-unboost|p1a: Dog|spa|2","|faint|p2a: U.N. Oven Was Her","|","|-weather|Sandstorm|[upkeep]","|-damage|p1a: Dog|230/281|[from] sandstorm","|choice||switch 3","|","|switch|p2a: Armor|Tyranitar, M|320/404","|turn|16","|choice|switch 5|move rockslide","|","|switch|p1a: Super Fatty|Chansey, F|703/703","|move|p2a: Armor|Rock Slide|p1a: Super Fatty","|-damage|p1a: Super Fatty|333/703","|","|-weather|Sandstorm|[upkeep]","|-damage|p1a: Super Fatty|290/703|[from] sandstorm","|turn|17","|choice|switch 5|move stealthrock","|","|switch|p1a: Dog|Manectric-Mega, F, shiny|230/281","|-ability|p1a: Dog|Intimidate|boost","|-unboost|p2a: Armor|atk|1","|move|p2a: Armor|Stealth Rock|p1a: Dog","|-sidestart|p1: FlareonDriod|move: Stealth Rock","|","|-weather|Sandstorm|[upkeep]","|-damage|p1a: Dog|213/281|[from] sandstorm","|turn|18","|choice|move thunderbolt 1|move rockslide","|","|move|p1a: Dog|Thunderbolt|p2a: Armor","|-damage|p2a: Armor|236/404","|-status|p2a: Armor|par","|cant|p2a: Armor|par","|","|-weather|Sandstorm|[upkeep]","|-damage|p1a: Dog|196/281|[from] sandstorm","|turn|19","|choice|move thunderbolt 1|move rockslide","|","|move|p1a: Dog|Thunderbolt|p2a: Armor","|-damage|p2a: Armor|152/404 par","|cant|p2a: Armor|par","|","|-weather|Sandstorm|[upkeep]","|-damage|p1a: Dog|179/281|[from] sandstorm","|turn|20","|choice|move thunderbolt 1|move icebeam 1","|","|move|p1a: Dog|Thunderbolt|p2a: Armor","|-damage|p2a: Armor|79/404 par","|move|p2a: Armor|Ice Beam|p1a: Dog","|-damage|p1a: Dog|104/281","|","|-weather|none","|turn|21","|choice|move overheat 1|move rockslide","|","|move|p1a: Dog|Overheat|p2a: Armor","|-resisted|p2a: Armor","|-crit|p2a: Armor","|-damage|p2a: Armor|0 fnt","|-unboost|p1a: Dog|spa|2","|faint|p2a: Armor","|","|win|FlareonDriod"],"p1rating":1223.9918273466515,"p2rating":1158.8780784574428,"endType":"normal"}