{"seed":[21006,2106,40874,39022],"turns":33,"p1":"FlareonDriod","p2":"BatterBotto","p1team":[{"name":"Pinky","species":"weavile","item":"lifeorb","ability":"Pressure","moves":["knockoff","iciclecrash","iceshard","pursuit"],"nature":"Jolly","evs":{"hp":0,"atk":252,"def":4,"spa":0,"spd":0,"spe":252},"gender":"F","shiny":true,"ivs":{"hp":31,"atk":31,"def":31,"spa":31,"spd":31,"spe":31}},{"name":"Dog","species":"manectric","item":"manectite","ability":"Lightning Rod","moves":["voltswitch","thunderbolt","overheat","hiddenpowerice"],"nature":"Timid","evs":{"hp":0,"atk":0,"def":4,"spa":252,"spd":0,"spe":252},"gender":"F","ivs":{"hp":31,"atk":30,"def":30,"spa":31,"spd":31,"spe":31},"shiny":true},{"name":"Fatty","species":"azumarill","item":"choicescarf","ability":"Huge Power","moves":["playrough","aquajet","waterfall","superpower"],"nature":"Adamant","evs":{"hp":4,"atk":252,"def":0,"spa":0,"spd":0,"spe":252},"gender":"F","shiny":true,"ivs":{"hp":31,"atk":31,"def":31,"spa":31,"spd":31,"spe":31}},{"name":"Bird","species":"talonflame","item":"lifeorb","ability":"Gale Wings","moves":["bravebird","flareblitz","roost","willowisp"],"nature":"Adamant","evs":{"hp":252,"atk":252,"def":0,"spa":0,"spd":4,"spe":0},"shiny":true,"ivs":{"hp":31,"atk":31,"def":31,"spa":31,"spd":31,"spe":31}},{"name":"Super Fatty","species":"chansey","item":"eviolite","ability":"Natural Cure","moves":["healbell","wish","seismictoss","thunderwave"],"nature":"Bold","evs":{"hp":248,"atk":0,"def":8,"spa":0,"spd":252,"spe":0},"ivs":{"hp":31,"atk":31,"def":31,"spa":31,"spd":31,"spe":31}},{"name":"Horned","species":"excadrill","item":"lifeorb","ability":"Mold Breaker","moves":["earthquake","rockslide","stealthrock","rapidspin"],"nature":"Adamant","evs":{"hp":0,"atk":252,"def":0,"spa":0,"spd":4,"spe":252},"gender":"M","shiny":true,"ivs":{"hp":31,"atk":31,"def":31,"spa":31,"spd":31,"spe":31}}],"p2team":[{"name":"Seismitoad","species":"Seismitoad","item":"leftovers","ability":"Water Absorb","moves":["stealthrock","scald","earthpower","toxic"],"nature":"Bold","evs":{"hp":248,"atk":0,"def":240,"spa":0,"spd":20,"spe":0},"gender":"M","ivs":{"hp":31,"atk":0,"def":31,"spa":31,"spd":31,"spe":31}},{"name":"Skarmory","species":"Skarmory","item":"rockyhelmet","ability":"Sturdy","moves":["spikes","ironhead","roost","whirlwind"],"nature":"Impish","evs":{"hp":248,"atk":0,"def":0,"spa":0,"spd":236,"spe":24},"gender":"F","ivs":{"hp":31,"atk":31,"def":31,"spa":31,"spd":31,"spe":31}},{"name":"Clefable","species":"Clefable","item":"leftovers","ability":"Magic Guard","moves":["calmmind","moonblast","flamethrower","softboiled"],"nature":"Calm","evs":{"hp":252,"atk":0,"def":160,"spa":0,"spd":96,"spe":0},"gender":"F","ivs":{"hp":31,"atk":0,"def":31,"spa":31,"spd":31,"spe":31}},{"name":"Tyranitar","species":"Tyranitar","item":"choiceband","ability":"Sand Stream","moves":["pursuit","stoneedge","crunch","icepunch"],"nature":"Adamant","evs":{"hp":56,"atk":252,"def":4,"spa":0,"spd":0,"spe":196},"gender":"M","ivs":{"hp":31,"atk":31,"def":31,"spa":31,"spd":31,"spe":31}},{"name":"Gengar","species":"Gengar","item":"choicescarf","ability":"Levitate","moves":["shadowball","sludgewave","focusblast","trick"],"nature":"Timid","evs":{"hp":0,"atk":0,"def":0,"spa":252,"spd":4,"spe":252},"gender":"M","ivs":{"hp":31,"atk":0,"def":31,"spa":31,"spd":31,"spe":31},"shiny":true},{"name":"Latias","species":"Latias","item":"latiasite","ability":"Levitate","moves":["thunderbolt","icebeam","roost","thunderwave"],"nature":"Timid","evs":{"hp":248,"atk":0,"def":32,"spa":12,"spd":0,"spe":216},"ivs":{"hp":31,"atk":0,"def":31,"spa":31,"spd":31,"spe":31}}],"log":["|player|p1|FlareonDriod|flareondriod.png","|player|p2|BatterBotto|batterbotto.png","|gametype|singles","|gen|6","|tier|OU","|rated","|seed|21006,2106,40874,39022","|clearpoke","|poke|p1|Weavile, F, shiny|item","|poke|p1|Manectric, F, shiny|item","|poke|p1|Azumarill, F, shiny|item","|poke|p1|Talonflame, F, shiny|item","|poke|p1|Chansey, F|item","|poke|p1|Excadrill, M, shiny|item","|poke|p2|Seismitoad, M|item","|poke|p2|Skarmory, F|item","|poke|p2|Clefable, F|item","|poke|p2|Tyranitar, M|item","|poke|p2|Gengar, M, shiny|item","|poke|p2|Latias, F|item","|rule|Swagger Clause: Swagger is banned","|rule|Baton Pass Clause: Limit one Baton Passer, can't pass Spe and other stats simultaneously","|rule|Sleep Clause Mod: Limit one foe put to sleep","|rule|Species Clause: Limit one of each Pokémon","|rule|OHKO Clause: OHKO moves are banned","|rule|Moody Clause: Moody is banned","|rule|Evasion Moves Clause: Evasion moves are banned","|rule|Endless Battle Clause: Forcing endless battles is banned","|rule|HP Percentage Mod: HP is shown in percentages","|teampreview","|choice|team 1, team 2, team 3, team 4, team 5, team 6|team 3, team 1, team 2, team 4, team 5, team 6","|","|start","|switch|p1a: Pinky|Weavile, F, shiny|281/281","|switch|p2a: Clefable|Clefable, F|394/394","|-ability|p1a: Pinky|Pressure","|turn|1","|choice|move iciclecrash 1|move calmmind","|","|move|p1a: Pinky|Icicle Crash|p2a: Clefable","|-damage|p2a: Clefable|195/394","|-damage|p1a: Pinky|253/281|[from] item: Life Orb","|move|p2a: Clefable|Calm Mind|p2a: Clefable","|-boost|p2a: Clefable|spa|1","|-boost|p2a: Clefable|spd|1","|","|-heal|p2a: Clefable|219/394|[from] item: Leftovers","|turn|2","|choice|move iciclecrash 1|move moonblast 1","|","|move|p1a: Pinky|Icicle Crash|p2a: Clefable","|-damage|p2a: Clefable|31/394","|-damage|p1a: Pinky|225/281|[from] item: Life Orb","|move|p2a: Clefable|Moonblast|p1a: Pinky","|-supereffective|p1a: Pinky","|-damage|p1a: Pinky|0 fnt","|faint|p1a: Pinky","|","|-heal|p2a: Clefable|55/394|[from] item: Leftovers","|choice|switch 6|","|","|switch|p1a: Horned|Excadrill, M, shiny|361/361","|-ability|p1a: Horned|Mold Breaker","|turn|3","|choice|move rockslide|move softboiled","|","|move|p1a: Horned|Rock Slide|p2a: Clefable","|-damage|p2a: Clefable|0 fnt","|-damage|p1a: Horned|325/361|[from] item: Life Orb","|faint|p2a: Clefable","|","|choice||switch 3","|","|switch|p2a: Skarmory|Skarmory, F|333/333","|turn|4","|choice|move rockslide|move ironhead 1","|","|move|p1a: Horned|Rock Slide|p2a: Skarmory","|-damage|p2a: Skarmory|249/333","|-damage|p1a: Horned|289/361|[from] item: Life Orb","|move|p2a: Skarmory|Iron Head|p1a: Horned","|-resisted|p1a: Horned","|-damage|p1a: Horned|231/361","|","|turn|5","|choice|move rockslide|move ironhead 1","|","|move|p1a: Horned|Rock Slide|p2a: Skarmory","|-damage|p2a: Skarmory|152/333","|-damage|p1a: Horned|195/361|[from] item: Life Orb","|cant|p2a: Skarmory|flinch","|","|turn|6","|choice|move rockslide|move roost","|","|move|p1a: Horned|Rock Slide|p2a: Skarmory","|-damage|p2a: Skarmory|56/333","|-damage|p1a: Horned|159/361|[from] item: Life Orb","|move|p2a: Skarmory|Roost|p2a: Skarmory","|-heal|p2a: Skarmory|223/333","|","|turn|7","|choice|move rockslide|move spikes","|","|move|p1a: Horned|Rock Slide|p2a: Skarmory|[miss]","|-miss|p1a: Horned|p2a: Skarmory","|move|p2a: Skarmory|Spikes|p1a: Horned","|-sidestart|p1: FlareonDriod|Spikes","|","|turn|8","|choice|move rockslide|move ironhead 1","|","|move|p1a: Horned|Rock Slide|p2a: Skarmory","|-damage|p2a: Skarmory|131/333","|-damage|p1a: Horned|123/361|[from] item: Life Orb","|move|p2a: Skarmory|Iron Head|p1a: Horned","|-resisted|p1a: Horned","|-damage|p1a: Horned|64/361","|","|turn|9","|choice|move rockslide|move roost","|","|move|p1a: Horned|Rock Slide|p2a: Skarmory","|-damage|p2a: Skarmory|34/333","|-damage|p1a: Horned|28/361|[from] item: Life Orb","|move|p2a: Skarmory|Roost|p2a: Skarmory","|-heal|p2a: Skarmory|201/333","|","|turn|10","|choice|move rockslide|move ironhead 1","|","|move|p1a: Horned|Rock Slide|p2a: Skarmory","|-damage|p2a: Skarmory|118/333","|-damage|p1a: Horned|0 fnt|[from] item: Life Orb","|faint|p1a: Horned","|move|p2a: Skarmory|Iron Head|p1: Horned|[notarget]","|-notarget","|","|choice|switch 2|","|","|switch|p1a: Dog|Manectric, F, shiny|281/281","|-damage|p1a: Dog|246/281|[from] Spikes","|turn|11","|choice|move thunderbolt 1 mega|switch 2","|","|switch|p2a: Seismitoad|Seismitoad, M|413/413","|detailschange|p1a: Dog|Manectric-Mega, F, shiny","|-mega|p1a: Dog|Manectric|Manectite","|-ability|p1a: Dog|Intimidate|boost","|-unboost|p2a: Seismitoad|atk|1","|move|p1a: Dog|Thunderbolt|p2a: Seismitoad","|-immune|p2a: Seismitoad|[msg]","|","|turn|12","|choice|switch 3|move earthpower 1","|","|switch|p1a: Fatty|Azumarill, F, shiny|342/342","|-damage|p1a: Fatty|300/342|[from] Spikes","|move|p2a: Seismitoad|Earth Power|p1a: Fatty","|-damage|p1a: Fatty|197/342","|","|turn|13","|choice|move superpower 1|move earthpower 1","|","|move|p1a: Fatty|Superpower|p2a: Seismitoad","|-damage|p2a: Seismitoad|253/413","|-unboost|p1a: Fatty|atk|1","|-unboost|p1a: Fatty|def|1","|move|p2a: Seismitoad|Earth Power|p1a: Fatty","|-damage|p1a: Fatty|83/342","|","|-heal|p2a: Seismitoad|278/413|[from] item: Leftovers","|turn|14","|choice|move superpower 1|move earthpower 1","|","|move|p1a: Fatty|Superpower|p2a: Seismitoad","|-damage|p2a: Seismitoad|176/413","|-unboost|p1a: Fatty|atk|1","|-unboost|p1a: Fatty|def|1","|move|p2a: Seismitoad|Earth Power|p1a: Fatty","|-damage|p1a: Fatty|0 fnt","|faint|p1a: Fatty","|","|-heal|p2a: Seismitoad|201/413|[from] item: Leftovers","|choice|switch 4|","|","|switch|p1a: Bird|Talonflame, F, shiny|360/360","|turn|15","|choice|move bravebird 1|move scald 1","|","|move|p1a: Bird|Brave Bird|p2a: Seismitoad","|-damage|p2a: Seismitoad|0 fnt","|-damage|p1a: Bird|294/360|[from] recoil|[of] p2a: Seismitoad","|-damage|p1a: Bird|258/360|[from] item: Life Orb","|faint|p2a: Seismitoad","|","|choice||switch 4","|","|switch|p2a: Tyranitar|Tyranitar, M|355/355","|-weather|Sandstorm|[from] ability: Sand Stream|[of] p2a: Tyranitar","|turn|16","|choice|switch 3|move stoneedge 1","|","|switch|p1a: Dog|Manectric-Mega, F, shiny|246/281","|-damage|p1a: Dog|211/281|[from] Spikes","|-ability|p1a: Dog|Intimidate|boost","|-unboost|p2a: Tyranitar|atk|1","|move|p2a: Tyranitar|Stone Edge|p1a: Dog","|-damage|p1a: Dog|0 fnt","|faint|p1a: Dog","|","|-weather|Sandstorm|[upkeep]","|choice|switch 5|","|","|switch|p1a: Super Fatty|Chansey, F|703/703","|-damage|p1a: Super Fatty|616/703|[from] Spikes","|turn|17","|choice|move wish|switch 5","|","|switch|p2a: Gengar|Gengar, M, shiny|261/261","|move|p1a: Super Fatty|Wish|p1a: Super Fatty","|","|-weather|Sandstorm|[upkeep]","|-damage|p2a: Gengar|245/261|[from] sandstorm","|-damage|p1a: Super Fatty|573/703|[from] sandstorm","|turn|18","|choice|move thunderwave 1|move focusblast 1","|","|move|p2a: Gengar|Focus Blast|p1a: Super Fatty","|-supereffective|p1a: Super Fatty","|-damage|p1a: Super Fatty|421/703","|move|p1a: Super Fatty|Thunder Wave|p2a: Gengar","|-status|p2a: Gengar|par","|","|-weather|Sandstorm|[upkeep]","|-damage|p1a: Super Fatty|378/703|[from] sandstorm","|-damage|p2a: Gengar|229/261 par|[from] sandstorm","|-heal|p1a: Super Fatty|703/703|[from] move: Wish|[wisher] Super Fatty","|turn|19","|choice|move wish|move focusblast 1","|","|move|p1a: Super Fatty|Wish|p1a: Super Fatty","|cant|p2a: Gengar|par","|","|-weather|Sandstorm|[upkeep]","|-damage|p1a: Super Fatty|660/703|[from] sandstorm","|-damage|p2a: Gengar|213/261 par|[from] sandstorm","|turn|20","|choice|switch 3|move focusblast 1","|","|switch|p1a: Bird|Talonflame, F, shiny|258/360","|move|p2a: Gengar|Focus Blast|p1a: Bird","|-resisted|p1a: Bird","|-damage|p1a: Bird|165/360","|","|-weather|none","|-heal|p1a: Bird|360/360|[from] move: Wish|[wisher] Super Fatty","|turn|21","|choice|move bravebird 1|switch 5","|","|switch|p2a: Tyranitar|Tyranitar, M|355/355","|-weather|Sandstorm|[from] ability: Sand Stream|[of] p2a: Tyranitar","|move|p1a: Bird|Brave Bird|p2a: Tyranitar","|-resisted|p2a: Tyranitar","|-damage|p2a: Tyranitar|254/355","|-damage|p1a: Bird|327/360|[from] recoil|[of] p2a: Tyranitar","|-damage|p1a: Bird|291/360|[from] item: Life Orb","|","|-weather|Sandstorm|[upkeep]","|-damage|p1a: Bird|269/360|[from] sandstorm","|turn|22","|choice|move roost|move crunch 1","|","|move|p1a: Bird|Roost|p1a: Bird","|-heal|p1a: Bird|360/360","|move|p2a: Tyranitar|Crunch|p1a: Bird","|-damage|p1a: Bird|33/360","|","|-weather|Sandstorm|[upkeep]","|-damage|p1a: Bird|11/360|[from] sandstorm","|turn|23","|choice|move bravebird 1|move crunch 1","|","|move|p1a: Bird|Brave Bird|p2a: Tyranitar","|-resisted|p2a: Tyranitar","|-damage|p2a: Tyranitar|151/355","|-damage|p1a: Bird|0 fnt|[from] recoil|[of] p2a: Tyranitar","|faint|p1a: Bird","|move|p2a: Tyranitar|Crunch|p1: Bird|[notarget]","|-notarget","|","|-weather|Sandstorm|[upkeep]","|choice|switch 3|","|","|switch|p1a: Super Fatty|Chansey, F|660/703","|-damage|p1a: Super Fatty|573/703|[from] Spikes","|turn|24","|choice|move seismictoss 1|switch 5","|","|switch|p2a: Gengar|Gengar, M, shiny|213/261 par","|move|p1a: Super Fatty|Seismic Toss|p2a: Gengar","|-immune|p2a: Gengar|[msg]","|","|-weather|Sandstorm|[upkeep]","|-damage|p1a: Super Fatty|530/703|[from] sandstorm","|-damage|p2a: Gengar|197/261 par|[from] sandstorm","|turn|25","|choice|move wish|move focusblast 1","|","|move|p1a: Super Fatty|Wish|p1a: Super Fatty","|move|p2a: Gengar|Focus Blast|p1a: Super Fatty|[miss]","|-miss|p2a: Gengar|p1a: Super Fatty","|","|-weather|none","|turn|26","|choice|move thunderwave 1|move focusblast 1","|","|move|p1a: Super Fatty|Thunder Wave|p2a: Gengar","|-fail|p2a: Gengar|par","|move|p2a: Gengar|Focus Blast|p1a: Super Fatty","|-supereffective|p1a: Super Fatty","|-damage|p1a: Super Fatty|390/703","|","|-heal|p1a: Super Fatty|703/703|[from] move: Wish|[wisher] Super Fatty","|turn|27","|choice|move wish|move focusblast 1","|","|move|p1a: Super Fatty|Wish|p1a: Super Fatty","|move|p2a: Gengar|Focus Blast|p1a: Super Fatty","|-supereffective|p1a: Super Fatty","|-damage|p1a: Super Fatty|547/703","|","|turn|28","|choice|move wish|move focusblast 1","|","|move|p1a: Super Fatty|Wish|p1a: Super Fatty","|-fail|p1a: Super Fatty","|cant|p2a: Gengar|par","|","|-heal|p1a: Super Fatty|703/703|[from] move: Wish|[wisher] Super Fatty","|turn|29","|choice|move seismictoss 1|move focusblast 1","|","|move|p1a: Super Fatty|Seismic Toss|p2a: Gengar","|-immune|p2a: Gengar|[msg]","|move|p2a: Gengar|Focus Blast|p1a: Super Fatty|[miss]","|-miss|p2a: Gengar|p1a: Super Fatty","|","|turn|30","|choice|move wish|move focusblast 1","|","|move|p1a: Super Fatty|Wish|p1a: Super Fatty","|move|p2a: Gengar|Focus Blast|p1a: Super Fatty","|-supereffective|p1a: Super Fatty","|-damage|p1a: Super Fatty|559/703","|-unboost|p1a: Super Fatty|spd|1","|","|turn|31","|choice|move seismictoss 1|move focusblast 1","|","|move|p1a: Super Fatty|Seismic Toss|p2a: Gengar","|-immune|p2a: Gengar|[msg]","|move|p2a: Gengar|Focus Blast|p1a: Super Fatty|[miss]","|-miss|p2a: Gengar|p1a: Super Fatty","|","|-heal|p1a: Super Fatty|703/703|[from] move: Wish|[wisher] Super Fatty","|turn|32","|choice|move wish|switch 5","|","|switch|p2a: Tyranitar|Tyranitar, M|151/355","|-weather|Sandstorm|[from] ability: Sand Stream|[of] p2a: Tyranitar","|move|p1a: Super Fatty|Wish|p1a: Super Fatty","|","|-weather|Sandstorm|[upkeep]","|-damage|p1a: Super Fatty|660/703|[from] sandstorm","|turn|33","|choice|move thunderwave 1|move crunch 1","|","|move|p2a: Tyranitar|Crunch|p1a: Super Fatty","|-damage|p1a: Super Fatty|0 fnt","|faint|p1a: Super Fatty","|","|win|BatterBotto"],"p1rating":1076.2135531215806,"p2rating":1178.5842871642858,"endType":"normal"}