{"seed":[62769,14388,23468,53878],"turns":74,"p1":"Elcrest ☢","p2":"FlareonDriod","p1team":[{"name":"Clefable","species":"Clefable","item":"leftovers","ability":"Magic Guard","moves":["cosmicpower","storedpower","moonblast","softboiled"],"nature":"Calm","evs":{"hp":252,"atk":0,"def":0,"spa":4,"spd":252,"spe":0},"ivs":{"hp":31,"atk":0,"def":31,"spa":31,"spd":31,"spe":31}},{"name":"Hawlucha","species":"Hawlucha","item":"powerherb","ability":"Unburden","moves":["acrobatics","skyattack","swordsdance","highjumpkick"],"nature":"Jolly","evs":{"hp":0,"atk":252,"def":0,"spa":0,"spd":4,"spe":252},"ivs":{"hp":31,"atk":31,"def":31,"spa":31,"spd":31,"spe":31}},{"name":"Sceptile","species":"Sceptile","item":"sceptilite","ability":"Overgrow","moves":["energyball","dragonpulse","focusblast","toxic"],"nature":"Timid","evs":{"hp":0,"atk":0,"def":0,"spa":252,"spd":4,"spe":252},"ivs":{"hp":31,"atk":0,"def":31,"spa":31,"spd":31,"spe":31}},{"name":"Dragonite","species":"Dragonite","item":"weaknesspolicy","ability":"Multiscale","moves":["extremespeed","dragondance","dragonclaw","earthquake"],"nature":"Jolly","evs":{"hp":4,"atk":0,"def":252,"spa":0,"spd":252,"spe":0},"ivs":{"hp":31,"atk":31,"def":31,"spa":31,"spd":31,"spe":31}},{"name":"Cloyster","species":"Cloyster","item":"focussash","ability":"Shell Armor","moves":["shellsmash","rockblast","iciclespear","razorshell"],"nature":"Jolly","evs":{"hp":0,"atk":252,"def":0,"spa":0,"spd":4,"spe":252},"ivs":{"hp":31,"atk":31,"def":31,"spa":31,"spd":31,"spe":31}},{"name":"Thundurus","species":"Thundurus-Therian","item":"lifeorb","ability":"Volt Absorb","moves":["thunderbolt","voltswitch","grassknot","flashcannon"],"nature":"Timid","evs":{"hp":0,"atk":0,"def":0,"spa":252,"spd":4,"spe":252},"ivs":{"hp":31,"atk":0,"def":31,"spa":31,"spd":31,"spe":31}}],"p2team":[{"name":"Pinky","species":"weavile","item":"lifeorb","ability":"Pressure","moves":["knockoff","iciclecrash","iceshard","pursuit"],"nature":"Jolly","evs":{"hp":0,"atk":252,"def":4,"spa":0,"spd":0,"spe":252},"gender":"F","shiny":true,"ivs":{"hp":31,"atk":31,"def":31,"spa":31,"spd":31,"spe":31}},{"name":"Dog","species":"manectric","item":"manectite","ability":"Lightning Rod","moves":["voltswitch","thunderbolt","overheat","hiddenpowerice"],"nature":"Timid","evs":{"hp":0,"atk":0,"def":4,"spa":252,"spd":0,"spe":252},"gender":"F","ivs":{"hp":31,"atk":30,"def":30,"spa":31,"spd":31,"spe":31},"shiny":true},{"name":"Fatty","species":"azumarill","item":"choicescarf","ability":"Huge Power","moves":["playrough","aquajet","waterfall","superpower"],"nature":"Adamant","evs":{"hp":4,"atk":252,"def":0,"spa":0,"spd":0,"spe":252},"gender":"F","shiny":true,"ivs":{"hp":31,"atk":31,"def":31,"spa":31,"spd":31,"spe":31}},{"name":"Bird","species":"talonflame","item":"lifeorb","ability":"Gale Wings","moves":["bravebird","flareblitz","roost","willowisp"],"nature":"Adamant","evs":{"hp":252,"atk":252,"def":0,"spa":0,"spd":4,"spe":0},"shiny":true,"ivs":{"hp":31,"atk":31,"def":31,"spa":31,"spd":31,"spe":31}},{"name":"Super Fatty","species":"chansey","item":"eviolite","ability":"Natural Cure","moves":["healbell","wish","seismictoss","thunderwave"],"nature":"Bold","evs":{"hp":248,"atk":0,"def":8,"spa":0,"spd":252,"spe":0},"ivs":{"hp":31,"atk":31,"def":31,"spa":31,"spd":31,"spe":31}},{"name":"Horned","species":"excadrill","item":"lifeorb","ability":"Mold Breaker","moves":["earthquake","rockslide","stealthrock","rapidspin"],"nature":"Adamant","evs":{"hp":0,"atk":252,"def":0,"spa":0,"spd":4,"spe":252},"gender":"M","shiny":true,"ivs":{"hp":31,"atk":31,"def":31,"spa":31,"spd":31,"spe":31}}],"log":["|player|p1|Elcrest ☢|273","|player|p2|FlareonDriod|flareondriod.png","|gametype|singles","|gen|6","|tier|OU","|rated","|seed|62769,14388,23468,53878","|clearpoke","|poke|p1|Clefable, M|item","|poke|p1|Hawlucha, F|item","|poke|p1|Sceptile, M|item","|poke|p1|Dragonite, F|item","|poke|p1|Cloyster, F|item","|poke|p1|Thundurus-Therian, M|item","|poke|p2|Weavile, F, shiny|item","|poke|p2|Manectric, F, shiny|item","|poke|p2|Azumarill, F, shiny|item","|poke|p2|Talonflame, M, shiny|item","|poke|p2|Chansey, F|item","|poke|p2|Excadrill, M, shiny|item","|rule|Swagger Clause: Swagger is banned","|rule|Baton Pass Clause: Limit one Baton Passer, can't pass Spe and other stats simultaneously","|rule|Sleep Clause Mod: Limit one foe put to sleep","|rule|Species Clause: Limit one of each Pokémon","|rule|OHKO Clause: OHKO moves are banned","|rule|Moody Clause: Moody is banned","|rule|Evasion Moves Clause: Evasion moves are banned","|rule|Endless Battle Clause: Forcing endless battles is banned","|rule|HP Percentage Mod: HP is shown in percentages","|teampreview","|choice|team 2, team 1, team 3, team 4, team 5, team 6|team 4, team 1, team 2, team 3, team 5, team 6","|","|start","|switch|p1a: Hawlucha|Hawlucha, F|297/297","|switch|p2a: Bird|Talonflame, M, shiny|360/360","|turn|1","|choice|move skyattack|move bravebird 1","|","|move|p2a: Bird|Brave Bird|p1a: Hawlucha","|-supereffective|p1a: Hawlucha","|-damage|p1a: Hawlucha|0 fnt","|-damage|p2a: Bird|262/360|[from] recoil|[of] p1a: Hawlucha","|-damage|p2a: Bird|226/360|[from] item: Life Orb","|faint|p1a: Hawlucha","|","|choice|switch 4|","|","|switch|p1a: Dragonite|Dragonite, F|324/324","|turn|2","|choice|move dragondance|move bravebird 1","|","|move|p2a: Bird|Brave Bird|p1a: Dragonite","|-damage|p1a: Dragonite|230/324","|-damage|p2a: Bird|195/360|[from] recoil|[of] p1a: Dragonite","|-damage|p2a: Bird|159/360|[from] item: Life Orb","|move|p1a: Dragonite|Dragon Dance|p1a: Dragonite","|-boost|p1a: Dragonite|atk|1","|-boost|p1a: Dragonite|spe|1","|","|turn|3","|choice|move dragonclaw|move bravebird 1","|","|move|p2a: Bird|Brave Bird|p1a: Dragonite","|-damage|p1a: Dragonite|58/324","|-damage|p2a: Bird|102/360|[from] recoil|[of] p1a: Dragonite","|-damage|p2a: Bird|66/360|[from] item: Life Orb","|move|p1a: Dragonite|Dragon Claw|p2a: Bird","|-damage|p2a: Bird|0 fnt","|faint|p2a: Bird","|","|choice||switch 4","|","|switch|p2a: Fatty|Azumarill, F, shiny|342/342","|turn|4","|choice|move dragonclaw|move superpower 1","|","|move|p1a: Dragonite|Dragon Claw|p2a: Fatty","|-immune|p2a: Fatty|[msg]","|move|p2a: Fatty|Superpower|p1a: Dragonite","|-resisted|p1a: Dragonite","|-damage|p1a: Dragonite|0 fnt","|-unboost|p2a: Fatty|atk|1","|-unboost|p2a: Fatty|def|1","|faint|p1a: Dragonite","|","|choice|switch 6|","|","|switch|p1a: Thundurus|Thundurus-Therian, M|299/299","|turn|5","|choice|move grassknot|switch 6","|","|switch|p2a: Horned|Excadrill, M, shiny|361/361","|-ability|p2a: Horned|Mold Breaker","|move|p1a: Thundurus|Grass Knot|p2a: Horned","|-damage|p2a: Horned|206/361","|-damage|p1a: Thundurus|270/299|[from] item: Life Orb","|","|turn|6","|choice|move grassknot|move rockslide","|","|move|p1a: Thundurus|Grass Knot|p2a: Horned","|-damage|p2a: Horned|58/361","|-damage|p1a: Thundurus|241/299|[from] item: Life Orb","|move|p2a: Horned|Rock Slide|p1a: Thundurus|[miss]","|-miss|p2a: Horned|p1a: Thundurus","|","|turn|7","|choice|move grassknot|move rockslide","|","|move|p1a: Thundurus|Grass Knot|p2a: Horned","|-damage|p2a: Horned|0 fnt","|-damage|p1a: Thundurus|212/299|[from] item: Life Orb","|faint|p2a: Horned","|","|choice||switch 3","|","|switch|p2a: Dog|Manectric, F, shiny|281/281","|turn|8","|choice|move voltswitch|move overheat 1 mega","|","|detailschange|p2a: Dog|Manectric-Mega, F, shiny","|-mega|p2a: Dog|Manectric|Manectite","|-ability|p2a: Dog|Intimidate|boost","|-unboost|p1a: Thundurus|atk|1","|move|p2a: Dog|Overheat|p1a: Thundurus","|-damage|p1a: Thundurus|11/299","|-unboost|p2a: Dog|spa|2","|move|p1a: Thundurus|Volt Switch|p2a: Dog","|-resisted|p2a: Dog","|-damage|p2a: Dog|174/281","|-damage|p1a: Thundurus|0 fnt|[from] item: Life Orb","|faint|p1a: Thundurus","|","|choice|switch 3|","|","|switch|p1a: Sceptile|Sceptile, M|281/281","|turn|9","|choice|move energyball mega|move overheat 1","|","|detailschange|p1a: Sceptile|Sceptile-Mega, M","|-mega|p1a: Sceptile|Sceptile|Sceptilite","|move|p2a: Dog|Overheat|p1a: Sceptile","|-damage|p1a: Sceptile|188/281","|-unboost|p2a: Dog|spa|2","|move|p1a: Sceptile|Energy Ball|p2a: Dog","|-damage|p2a: Dog|0 fnt","|faint|p2a: Dog","|","|choice||switch 2","|","|switch|p2a: Pinky|Weavile, F, shiny|281/281","|-ability|p2a: Pinky|Pressure","|turn|10","|choice|move focusblast|move iciclecrash 1","|","|move|p1a: Sceptile|Focus Blast|p2a: Pinky","|-supereffective|p2a: Pinky","|-damage|p2a: Pinky|0 fnt","|faint|p2a: Pinky","|","|choice||switch 6","|","|switch|p2a: Fatty|Azumarill, F, shiny|342/342","|turn|11","|choice|move energyball|move superpower 1","|","|move|p1a: Sceptile|Energy Ball|p2a: Fatty","|-supereffective|p2a: Fatty","|-damage|p2a: Fatty|0 fnt","|faint|p2a: Fatty","|","|choice||switch 5","|","|switch|p2a: Super Fatty|Chansey, F|703/703","|turn|12","|choice|move focusblast|move wish","|","|move|p1a: Sceptile|Focus Blast|p2a: Super Fatty","|-supereffective|p2a: Super Fatty","|-damage|p2a: Super Fatty|543/703","|move|p2a: Super Fatty|Wish|p2a: Super Fatty","|","|turn|13","|choice|switch 5|move seismictoss 1","|","|switch|p1a: Cloyster|Cloyster, F|241/241","|move|p2a: Super Fatty|Seismic Toss|p1a: Cloyster","|-damage|p1a: Cloyster|141/241","|","|-heal|p2a: Super Fatty|703/703|[from] move: Wish|[wisher] Super Fatty","|turn|14","|choice|move shellsmash|move wish","|","|move|p1a: Cloyster|Shell Smash|p1a: Cloyster","|-unboost|p1a: Cloyster|def|1","|-unboost|p1a: Cloyster|spd|1","|-boost|p1a: Cloyster|atk|2","|-boost|p1a: Cloyster|spa|2","|-boost|p1a: Cloyster|spe|2","|move|p2a: Super Fatty|Wish|p2a: Super Fatty","|","|turn|15","|choice|move rockblast|move thunderwave 1","|","|move|p1a: Cloyster|Rock Blast|p2a: Super Fatty","|-damage|p2a: Super Fatty|556/703","|-damage|p2a: Super Fatty|410/703","|-hitcount|p2a: Super Fatty|2","|move|p2a: Super Fatty|Thunder Wave|p1a: Cloyster","|-status|p1a: Cloyster|par","|","|-heal|p2a: Super Fatty|703/703|[from] move: Wish|[wisher] Super Fatty","|turn|16","|choice|move rockblast|move wish","|","|move|p2a: Super Fatty|Wish|p2a: Super Fatty","|cant|p1a: Cloyster|par","|","|turn|17","|choice|move rockblast|move seismictoss 1","|","|move|p2a: Super Fatty|Seismic Toss|p1a: Cloyster","|-damage|p1a: Cloyster|41/241 par","|move|p1a: Cloyster|Rock Blast|p2a: Super Fatty","|-damage|p2a: Super Fatty|562/703","|-damage|p2a: Super Fatty|418/703","|-hitcount|p2a: Super Fatty|2","|","|-heal|p2a: Super Fatty|703/703|[from] move: Wish|[wisher] Super Fatty","|turn|18","|choice|move iciclespear|move seismictoss 1","|","|move|p2a: Super Fatty|Seismic Toss|p1a: Cloyster","|-damage|p1a: Cloyster|0 fnt","|faint|p1a: Cloyster","|","|choice|switch 2|","|","|switch|p1a: Clefable|Clefable, M|394/394","|turn|19","|choice|move cosmicpower|move seismictoss 1","|","|move|p1a: Clefable|Cosmic Power|p1a: Clefable","|-boost|p1a: Clefable|def|1","|-boost|p1a: Clefable|spd|1","|move|p2a: Super Fatty|Seismic Toss|p1a: Clefable","|-damage|p1a: Clefable|294/394","|","|-heal|p1a: Clefable|318/394|[from] item: Leftovers","|turn|20","|choice|move cosmicpower|move thunderwave 1","|","|move|p1a: Clefable|Cosmic Power|p1a: Clefable","|-boost|p1a: Clefable|def|1","|-boost|p1a: Clefable|spd|1","|move|p2a: Super Fatty|Thunder Wave|p1a: Clefable","|-status|p1a: Clefable|par","|","|-heal|p1a: Clefable|342/394 par|[from] item: Leftovers","|turn|21","|choice|move cosmicpower|move seismictoss 1","|","|move|p2a: Super Fatty|Seismic Toss|p1a: Clefable","|-damage|p1a: Clefable|242/394 par","|cant|p1a: Clefable|par","|","|-heal|p1a: Clefable|266/394 par|[from] item: Leftovers","|turn|22","|choice|move cosmicpower|move seismictoss 1","|","|move|p2a: Super Fatty|Seismic Toss|p1a: Clefable","|-damage|p1a: Clefable|166/394 par","|move|p1a: Clefable|Cosmic Power|p1a: Clefable","|-boost|p1a: Clefable|def|1","|-boost|p1a: Clefable|spd|1","|","|-heal|p1a: Clefable|190/394 par|[from] item: Leftovers","|turn|23","|choice|move softboiled|move wish","|","|move|p2a: Super Fatty|Wish|p2a: Super Fatty","|move|p1a: Clefable|Soft-Boiled|p1a: Clefable","|-heal|p1a: Clefable|387/394 par","|","|-heal|p1a: Clefable|394/394 par|[from] item: Leftovers","|turn|24","|choice|move cosmicpower|move seismictoss 1","|","|move|p2a: Super Fatty|Seismic Toss|p1a: Clefable","|-damage|p1a: Clefable|294/394 par","|move|p1a: Clefable|Cosmic Power|p1a: Clefable","|-boost|p1a: Clefable|def|1","|-boost|p1a: Clefable|spd|1","|","|-heal|p1a: Clefable|318/394 par|[from] item: Leftovers","|turn|25","|choice|move cosmicpower|move wish","|","|move|p2a: Super Fatty|Wish|p2a: Super Fatty","|cant|p1a: Clefable|par","|","|-heal|p1a: Clefable|342/394 par|[from] item: Leftovers","|turn|26","|choice|move cosmicpower|move seismictoss 1","|","|move|p2a: Super Fatty|Seismic Toss|p1a: Clefable","|-damage|p1a: Clefable|242/394 par","|move|p1a: Clefable|Cosmic Power|p1a: Clefable","|-boost|p1a: Clefable|def|1","|-boost|p1a: Clefable|spd|1","|","|-heal|p1a: Clefable|266/394 par|[from] item: Leftovers","|turn|27","|choice|move cosmicpower|move seismictoss 1","|","|move|p2a: Super Fatty|Seismic Toss|p1a: Clefable","|-damage|p1a: Clefable|166/394 par","|move|p1a: Clefable|Cosmic Power|p1a: Clefable","|-boost|p1a: Clefable|def|1","|-boost|p1a: Clefable|spd|1","|","|-heal|p1a: Clefable|190/394 par|[from] item: Leftovers","|turn|28","|choice|move softboiled|move seismictoss 1","|","|move|p2a: Super Fatty|Seismic Toss|p1a: Clefable","|-damage|p1a: Clefable|90/394 par","|move|p1a: Clefable|Soft-Boiled|p1a: Clefable","|-heal|p1a: Clefable|287/394 par","|","|-heal|p1a: Clefable|311/394 par|[from] item: Leftovers","|turn|29","|choice|move softboiled|move seismictoss 1","|","|move|p2a: Super Fatty|Seismic Toss|p1a: Clefable","|-damage|p1a: Clefable|211/394 par","|cant|p1a: Clefable|par","|","|-heal|p1a: Clefable|235/394 par|[from] item: Leftovers","|turn|30","|choice|move softboiled|move wish","|","|move|p2a: Super Fatty|Wish|p2a: Super Fatty","|move|p1a: Clefable|Soft-Boiled|p1a: Clefable","|-heal|p1a: Clefable|394/394 par","|","|turn|31","|choice|move storedpower|move seismictoss 1","|","|move|p2a: Super Fatty|Seismic Toss|p1a: Clefable","|-damage|p1a: Clefable|294/394 par","|move|p1a: Clefable|Stored Power|p2a: Super Fatty","|-damage|p2a: Super Fatty|597/703","|","|-heal|p2a: Super Fatty|703/703|[from] move: Wish|[wisher] Super Fatty","|-heal|p1a: Clefable|318/394 par|[from] item: Leftovers","|turn|32","|choice|move storedpower|move seismictoss 1","|","|move|p2a: Super Fatty|Seismic Toss|p1a: Clefable","|-damage|p1a: Clefable|218/394 par","|move|p1a: Clefable|Stored Power|p2a: Super Fatty","|-damage|p2a: Super Fatty|605/703","|","|-heal|p1a: Clefable|242/394 par|[from] item: Leftovers","|turn|33","|choice|move storedpower|move wish","|","|move|p2a: Super Fatty|Wish|p2a: Super Fatty","|cant|p1a: Clefable|par","|","|-heal|p1a: Clefable|266/394 par|[from] item: Leftovers","|turn|34","|choice|move storedpower|move seismictoss 1","|","|move|p2a: Super Fatty|Seismic Toss|p1a: Clefable","|-damage|p1a: Clefable|166/394 par","|cant|p1a: Clefable|par","|","|-heal|p2a: Super Fatty|703/703|[from] move: Wish|[wisher] Super Fatty","|-heal|p1a: Clefable|190/394 par|[from] item: Leftovers","|turn|35","|choice|move storedpower|move seismictoss 1","|","|move|p2a: Super Fatty|Seismic Toss|p1a: Clefable","|-damage|p1a: Clefable|90/394 par","|move|p1a: Clefable|Stored Power|p2a: Super Fatty","|-damage|p2a: Super Fatty|598/703","|","|-heal|p1a: Clefable|114/394 par|[from] item: Leftovers","|turn|36","|choice|move softboiled|move seismictoss 1","|","|move|p2a: Super Fatty|Seismic Toss|p1a: Clefable","|-damage|p1a: Clefable|14/394 par","|move|p1a: Clefable|Soft-Boiled|p1a: Clefable","|-heal|p1a: Clefable|211/394 par","|","|-heal|p1a: Clefable|235/394 par|[from] item: Leftovers","|turn|37","|choice|move softboiled|move wish","|","|move|p2a: Super Fatty|Wish|p2a: Super Fatty","|cant|p1a: Clefable|par","|","|-heal|p1a: Clefable|259/394 par|[from] item: Leftovers","|turn|38","|choice|move softboiled|move seismictoss 1","|","|move|p2a: Super Fatty|Seismic Toss|p1a: Clefable","|-damage|p1a: Clefable|159/394 par","|move|p1a: Clefable|Soft-Boiled|p1a: Clefable","|-heal|p1a: Clefable|356/394 par","|","|-heal|p2a: Super Fatty|703/703|[from] move: Wish|[wisher] Super Fatty","|-heal|p1a: Clefable|380/394 par|[from] item: Leftovers","|turn|39","|choice|move storedpower|move wish","|","|move|p2a: Super Fatty|Wish|p2a: Super Fatty","|cant|p1a: Clefable|par","|","|-heal|p1a: Clefable|394/394 par|[from] item: Leftovers","|turn|40","|choice|move storedpower|move seismictoss 1","|","|move|p2a: Super Fatty|Seismic Toss|p1a: Clefable","|-damage|p1a: Clefable|294/394 par","|cant|p1a: Clefable|par","|","|-heal|p1a: Clefable|318/394 par|[from] item: Leftovers","|turn|41","|choice|move storedpower|move seismictoss 1","|","|move|p2a: Super Fatty|Seismic Toss|p1a: Clefable","|-damage|p1a: Clefable|218/394 par","|move|p1a: Clefable|Stored Power|p2a: Super Fatty","|-damage|p2a: Super Fatty|605/703","|","|-heal|p1a: Clefable|242/394 par|[from] item: Leftovers","|turn|42","|choice|move cosmicpower|move seismictoss 1","|","|move|p2a: Super Fatty|Seismic Toss|p1a: Clefable","|-damage|p1a: Clefable|142/394 par","|move|p1a: Clefable|Cosmic Power|p1a: Clefable","|-boost|p1a: Clefable|def|0","|-boost|p1a: Clefable|spd|0","|","|-heal|p1a: Clefable|166/394 par|[from] item: Leftovers","|turn|43","|choice|move softboiled|move seismictoss 1","|","|move|p2a: Super Fatty|Seismic Toss|p1a: Clefable","|-damage|p1a: Clefable|66/394 par","|move|p1a: Clefable|Soft-Boiled|p1a: Clefable","|-heal|p1a: Clefable|263/394 par","|","|-heal|p1a: Clefable|287/394 par|[from] item: Leftovers","|turn|44","|choice|move cosmicpower|move seismictoss 1","|","|move|p2a: Super Fatty|Seismic Toss|p1a: Clefable","|-damage|p1a: Clefable|187/394 par","|cant|p1a: Clefable|par","|","|-heal|p1a: Clefable|211/394 par|[from] item: Leftovers","|turn|45","|choice|move moonblast|move wish","|","|move|p2a: Super Fatty|Wish|p2a: Super Fatty","|move|p1a: Clefable|Moonblast|p2a: Super Fatty","|-crit|p2a: Super Fatty","|-damage|p2a: Super Fatty|520/703","|","|-heal|p1a: Clefable|235/394 par|[from] item: Leftovers","|turn|46","|choice|move moonblast|move seismictoss 1","|","|move|p2a: Super Fatty|Seismic Toss|p1a: Clefable","|-damage|p1a: Clefable|135/394 par","|move|p1a: Clefable|Moonblast|p2a: Super Fatty","|-damage|p2a: Super Fatty|466/703","|","|-heal|p2a: Super Fatty|703/703|[from] move: Wish|[wisher] Super Fatty","|-heal|p1a: Clefable|159/394 par|[from] item: Leftovers","|turn|47","|choice|move softboiled|move wish","|","|move|p2a: Super Fatty|Wish|p2a: Super Fatty","|move|p1a: Clefable|Soft-Boiled|p1a: Clefable","|-heal|p1a: Clefable|356/394 par","|","|-heal|p1a: Clefable|380/394 par|[from] item: Leftovers","|turn|48","|choice|move moonblast|move seismictoss 1","|","|move|p2a: Super Fatty|Seismic Toss|p1a: Clefable","|-damage|p1a: Clefable|280/394 par","|move|p1a: Clefable|Moonblast|p2a: Super Fatty","|-damage|p2a: Super Fatty|646/703","|","|-heal|p2a: Super Fatty|703/703|[from] move: Wish|[wisher] Super Fatty","|-heal|p1a: Clefable|304/394 par|[from] item: Leftovers","|turn|49","|choice|move cosmicpower|move seismictoss 1","|","|move|p2a: Super Fatty|Seismic Toss|p1a: Clefable","|-damage|p1a: Clefable|204/394 par","|move|p1a: Clefable|Cosmic Power|p1a: Clefable","|-boost|p1a: Clefable|def|0","|-boost|p1a: Clefable|spd|0","|","|-heal|p1a: Clefable|228/394 par|[from] item: Leftovers","|turn|50","|choice|move cosmicpower|move seismictoss 1","|","|move|p2a: Super Fatty|Seismic Toss|p1a: Clefable","|-damage|p1a: Clefable|128/394 par","|cant|p1a: Clefable|par","|","|-heal|p1a: Clefable|152/394 par|[from] item: Leftovers","|turn|51","|choice|move softboiled|move wish","|","|move|p2a: Super Fatty|Wish|p2a: Super Fatty","|move|p1a: Clefable|Soft-Boiled|p1a: Clefable","|-heal|p1a: Clefable|349/394 par","|","|-heal|p1a: Clefable|373/394 par|[from] item: Leftovers","|turn|52","|choice|move cosmicpower|move seismictoss 1","|","|move|p2a: Super Fatty|Seismic Toss|p1a: Clefable","|-damage|p1a: Clefable|273/394 par","|move|p1a: Clefable|Cosmic Power|p1a: Clefable","|-boost|p1a: Clefable|def|0","|-boost|p1a: Clefable|spd|0","|","|-heal|p1a: Clefable|297/394 par|[from] item: Leftovers","|turn|53","|choice|move cosmicpower|move wish","|","|move|p2a: Super Fatty|Wish|p2a: Super Fatty","|move|p1a: Clefable|Cosmic Power|p1a: Clefable","|-boost|p1a: Clefable|def|0","|-boost|p1a: Clefable|spd|0","|","|-heal|p1a: Clefable|321/394 par|[from] item: Leftovers","|turn|54","|choice|move cosmicpower|move seismictoss 1","|","|move|p2a: Super Fatty|Seismic Toss|p1a: Clefable","|-damage|p1a: Clefable|221/394 par","|move|p1a: Clefable|Cosmic Power|p1a: Clefable","|-boost|p1a: Clefable|def|0","|-boost|p1a: Clefable|spd|0","|","|-heal|p1a: Clefable|245/394 par|[from] item: Leftovers","|turn|55","|choice|move cosmicpower|move wish","|","|move|p2a: Super Fatty|Wish|p2a: Super Fatty","|move|p1a: Clefable|Cosmic Power|p1a: Clefable","|-boost|p1a: Clefable|def|0","|-boost|p1a: Clefable|spd|0","|","|-heal|p1a: Clefable|269/394 par|[from] item: Leftovers","|turn|56","|choice|move cosmicpower|move seismictoss 1","|","|move|p2a: Super Fatty|Seismic Toss|p1a: Clefable","|-damage|p1a: Clefable|169/394 par","|move|p1a: Clefable|Cosmic Power|p1a: Clefable","|-boost|p1a: Clefable|def|0","|-boost|p1a: Clefable|spd|0","|","|-heal|p1a: Clefable|193/394 par|[from] item: Leftovers","|turn|57","|choice|move softboiled|move seismictoss 1","|","|move|p2a: Super Fatty|Seismic Toss|p1a: Clefable","|-damage|p1a: Clefable|93/394 par","|move|p1a: Clefable|Soft-Boiled|p1a: Clefable","|-heal|p1a: Clefable|290/394 par","|","|-heal|p1a: Clefable|314/394 par|[from] item: Leftovers","|turn|58","|choice|move cosmicpower|move wish","|","|move|p2a: Super Fatty|Wish|p2a: Super Fatty","|cant|p1a: Clefable|par","|","|-heal|p1a: Clefable|338/394 par|[from] item: Leftovers","|turn|59","|choice|move cosmicpower|move seismictoss 1","|","|move|p2a: Super Fatty|Seismic Toss|p1a: Clefable","|-damage|p1a: Clefable|238/394 par","|cant|p1a: Clefable|par","|","|-heal|p1a: Clefable|262/394 par|[from] item: Leftovers","|turn|60","|choice|move cosmicpower|move wish","|","|move|p2a: Super Fatty|Wish|p2a: Super Fatty","|move|p1a: Clefable|Cosmic Power|p1a: Clefable","|-boost|p1a: Clefable|def|0","|-boost|p1a: Clefable|spd|0","|","|-heal|p1a: Clefable|286/394 par|[from] item: Leftovers","|turn|61","|choice|move cosmicpower|move seismictoss 1","|","|move|p2a: Super Fatty|Seismic Toss|p1a: Clefable","|-damage|p1a: Clefable|186/394 par","|move|p1a: Clefable|Cosmic Power|p1a: Clefable","|-boost|p1a: Clefable|def|0","|-boost|p1a: Clefable|spd|0","|","|-heal|p1a: Clefable|210/394 par|[from] item: Leftovers","|turn|62","|choice|move cosmicpower|move thunderwave 1","|","|move|p2a: Super Fatty|Thunder Wave|p1a: Clefable","|-fail|p1a: Clefable|par","|move|p1a: Clefable|Cosmic Power|p1a: Clefable","|-boost|p1a: Clefable|def|0","|-boost|p1a: Clefable|spd|0","|","|-heal|p1a: Clefable|234/394 par|[from] item: Leftovers","|turn|63","|choice|move cosmicpower|move thunderwave 1","|","|move|p2a: Super Fatty|Thunder Wave|p1a: Clefable","|-fail|p1a: Clefable|par","|move|p1a: Clefable|Cosmic Power|p1a: Clefable","|-boost|p1a: Clefable|def|0","|-boost|p1a: Clefable|spd|0","|","|-heal|p1a: Clefable|258/394 par|[from] item: Leftovers","|turn|64","|choice|move cosmicpower|move healbell","|","|move|p2a: Super Fatty|Heal Bell|p2a: Super Fatty","|-activate|p2a: Super Fatty|move: Heal Bell","|move|p1a: Clefable|Cosmic Power|p1a: Clefable","|-boost|p1a: Clefable|def|0","|-boost|p1a: Clefable|spd|0","|","|-heal|p1a: Clefable|282/394 par|[from] item: Leftovers","|turn|65","|choice|move cosmicpower|move healbell","|","|move|p2a: Super Fatty|Heal Bell|p2a: Super Fatty","|-activate|p2a: Super Fatty|move: Heal Bell","|move|p1a: Clefable|Cosmic Power|p1a: Clefable","|-boost|p1a: Clefable|def|0","|-boost|p1a: Clefable|spd|0","|","|-heal|p1a: Clefable|306/394 par|[from] item: Leftovers","|turn|66","|choice|move storedpower|move thunderwave 1","|","|move|p2a: Super Fatty|Thunder Wave|p1a: Clefable","|-fail|p1a: Clefable|par","|move|p1a: Clefable|Stored Power|p2a: Super Fatty","|-damage|p2a: Super Fatty|594/703","|","|-heal|p1a: Clefable|330/394 par|[from] item: Leftovers","|turn|67","|choice|move storedpower|move healbell","|","|move|p2a: Super Fatty|Heal Bell|p2a: Super Fatty","|-activate|p2a: Super Fatty|move: Heal Bell","|move|p1a: Clefable|Stored Power|p2a: Super Fatty","|-damage|p2a: Super Fatty|489/703","|","|-heal|p1a: Clefable|354/394 par|[from] item: Leftovers","|turn|68","|choice|move storedpower|move healbell","|","|move|p2a: Super Fatty|Heal Bell|p2a: Super Fatty","|-activate|p2a: Super Fatty|move: Heal Bell","|cant|p1a: Clefable|par","|","|-heal|p1a: Clefable|378/394 par|[from] item: Leftovers","|turn|69","|choice|move storedpower|move thunderwave 1","|","|move|p2a: Super Fatty|Thunder Wave|p1a: Clefable","|-fail|p1a: Clefable|par","|move|p1a: Clefable|Stored Power|p2a: Super Fatty","|-damage|p2a: Super Fatty|383/703","|","|-heal|p1a: Clefable|394/394 par|[from] item: Leftovers","|turn|70","|choice|move storedpower|move healbell","|","|move|p2a: Super Fatty|Heal Bell|p2a: Super Fatty","|-activate|p2a: Super Fatty|move: Heal Bell","|move|p1a: Clefable|Stored Power|p2a: Super Fatty","|-damage|p2a: Super Fatty|278/703","|","|turn|71","|choice|move storedpower|move thunderwave 1","|","|move|p2a: Super Fatty|Thunder Wave|p1a: Clefable","|-fail|p1a: Clefable|par","|move|p1a: Clefable|Stored Power|p2a: Super Fatty","|-damage|p2a: Super Fatty|183/703","|","|turn|72","|choice|move storedpower|move thunderwave 1","|","|move|p2a: Super Fatty|Thunder Wave|p1a: Clefable","|-fail|p1a: Clefable|par","|move|p1a: Clefable|Stored Power|p2a: Super Fatty","|-damage|p2a: Super Fatty|88/703","|","|turn|73","|choice|move storedpower|move thunderwave 1","|","|move|p2a: Super Fatty|Thunder Wave|p1a: Clefable","|-fail|p1a: Clefable|par","|cant|p1a: Clefable|par","|","|turn|74","|choice|move storedpower|move healbell","|","|move|p2a: Super Fatty|Heal Bell|p2a: Super Fatty","|-activate|p2a: Super Fatty|move: Heal Bell","|move|p1a: Clefable|Stored Power|p2a: Super Fatty","|-damage|p2a: Super Fatty|0 fnt","|faint|p2a: Super Fatty","|","|win|Elcrest ☢"],"p1rating":1184.2163317510865,"p2rating":1191.5939435747741,"endType":"normal"}