{"seed":[6811,30012,43797,8986],"turns":33,"p1":"BatterBotto","p2":"Digital Edge","p1team":[{"name":"Seismitoad","species":"Seismitoad","item":"leftovers","ability":"Water Absorb","moves":["stealthrock","scald","earthpower","toxic"],"nature":"Bold","evs":{"hp":248,"atk":0,"def":240,"spa":0,"spd":20,"spe":0},"gender":"M","ivs":{"hp":31,"atk":0,"def":31,"spa":31,"spd":31,"spe":31}},{"name":"Skarmory","species":"Skarmory","item":"rockyhelmet","ability":"Sturdy","moves":["spikes","ironhead","roost","whirlwind"],"nature":"Impish","evs":{"hp":248,"atk":0,"def":0,"spa":0,"spd":236,"spe":24},"gender":"F","ivs":{"hp":31,"atk":31,"def":31,"spa":31,"spd":31,"spe":31}},{"name":"Clefable","species":"Clefable","item":"leftovers","ability":"Magic Guard","moves":["calmmind","moonblast","flamethrower","softboiled"],"nature":"Calm","evs":{"hp":252,"atk":0,"def":160,"spa":0,"spd":96,"spe":0},"gender":"F","ivs":{"hp":31,"atk":0,"def":31,"spa":31,"spd":31,"spe":31}},{"name":"Tyranitar","species":"Tyranitar","item":"choiceband","ability":"Sand Stream","moves":["pursuit","stoneedge","crunch","icepunch"],"nature":"Adamant","evs":{"hp":56,"atk":252,"def":4,"spa":0,"spd":0,"spe":196},"gender":"M","ivs":{"hp":31,"atk":31,"def":31,"spa":31,"spd":31,"spe":31}},{"name":"Gengar","species":"Gengar","item":"choicescarf","ability":"Levitate","moves":["shadowball","sludgewave","focusblast","trick"],"nature":"Timid","evs":{"hp":0,"atk":0,"def":0,"spa":252,"spd":4,"spe":252},"gender":"M","ivs":{"hp":31,"atk":0,"def":31,"spa":31,"spd":31,"spe":31},"shiny":true},{"name":"Latias","species":"Latias","item":"latiasite","ability":"Levitate","moves":["thunderbolt","icebeam","roost","thunderwave"],"nature":"Timid","evs":{"hp":248,"atk":0,"def":32,"spa":12,"spd":0,"spe":216},"ivs":{"hp":31,"atk":0,"def":31,"spa":31,"spd":31,"spe":31}}],"p2team":[{"name":"SSD","species":"metagross","item":"metagrossite","ability":"Clear Body","moves":["meteormash","bulletpunch","hammerarm","zenheadbutt"],"nature":"Adamant","evs":{"hp":0,"atk":252,"def":0,"spa":0,"spd":4,"spe":252},"ivs":{"hp":31,"atk":31,"def":31,"spa":31,"spd":31,"spe":31}},{"name":"FTLO","species":"talonflame","item":"leftovers","ability":"Gale Wings","moves":["fireblast","bravebird","willowisp","roost"],"nature":"Brave","evs":{"hp":136,"atk":252,"def":0,"spa":120,"spd":0,"spe":0},"ivs":{"hp":31,"atk":31,"def":31,"spa":31,"spd":31,"spe":31}},{"name":"Weav","species":"weavile","item":"choiceband","ability":"Pressure","moves":["lowkick","iciclecrash","knockoff","pursuit"],"nature":"Adamant","evs":{"hp":0,"atk":252,"def":0,"spa":0,"spd":4,"spe":252},"ivs":{"hp":31,"atk":31,"def":31,"spa":31,"spd":31,"spe":31}},{"name":"Absolute","species":"absol","item":"lifeorb","ability":"Super Luck","moves":["pursuit","suckerpunch","fireblast","zenheadbutt"],"nature":"Lonely","evs":{"hp":0,"atk":252,"def":0,"spa":4,"spd":0,"spe":252},"gender":"F","shiny":true,"ivs":{"hp":31,"atk":31,"def":31,"spa":31,"spd":31,"spe":31}},{"name":"England","species":"nidoqueen","item":"lifeorb","ability":"Sheer Force","moves":["earthpower","sludgewave","flamethrower","shadowball"],"nature":"Modest","evs":{"hp":0,"atk":0,"def":0,"spa":252,"spd":4,"spe":252},"ivs":{"hp":31,"atk":0,"def":31,"spa":31,"spd":31,"spe":31}},{"name":"Medichamp","species":"medicham","item":"choiceband","ability":"Pure Power","moves":["zenheadbutt","highjumpkick","fakeout","bulletpunch"],"nature":"Adamant","evs":{"hp":0,"atk":252,"def":0,"spa":0,"spd":4,"spe":252},"ivs":{"hp":31,"atk":31,"def":31,"spa":31,"spd":31,"spe":31}}],"log":["|player|p1|BatterBotto|batterbotto.png","|player|p2|Digital Edge|digitaledge.png","|gametype|singles","|gen|6","|tier|OU","|rated","|seed|6811,30012,43797,8986","|clearpoke","|poke|p1|Seismitoad, M|item","|poke|p1|Skarmory, F|item","|poke|p1|Clefable, F|item","|poke|p1|Tyranitar, M|item","|poke|p1|Gengar, M, shiny|item","|poke|p1|Latias, F|item","|poke|p2|Metagross|item","|poke|p2|Talonflame, M|item","|poke|p2|Weavile, M|item","|poke|p2|Absol, F, shiny|item","|poke|p2|Nidoqueen, F|item","|poke|p2|Medicham, F|item","|rule|Swagger Clause: Swagger is banned","|rule|Baton Pass Clause: Limit one Baton Passer, can't pass Spe and other stats simultaneously","|rule|Sleep Clause Mod: Limit one foe put to sleep","|rule|Species Clause: Limit one of each Pokémon","|rule|OHKO Clause: OHKO moves are banned","|rule|Moody Clause: Moody is banned","|rule|Evasion Moves Clause: Evasion moves are banned","|rule|Endless Battle Clause: Forcing endless battles is banned","|rule|HP Percentage Mod: HP is shown in percentages","|teampreview","|choice|team 1, team 2, team 3, team 4, team 5, team 6|team 4, team 2, team 3, team 1, team 5, team 6","|","|start","|switch|p1a: Seismitoad|Seismitoad, M|413/413","|switch|p2a: Absolute|Absol, F, shiny|271/271","|turn|1","|choice|switch 4|move suckerpunch","|","|switch|p1a: Tyranitar|Tyranitar, M|355/355","|-weather|Sandstorm|[from] ability: Sand Stream|[of] p1a: Tyranitar","|move|p2a: Absolute|Sucker Punch|p1a: Tyranitar|[still]","|-fail|p2a: Absolute","|","|-weather|Sandstorm|[upkeep]","|-damage|p2a: Absolute|255/271|[from] sandstorm","|turn|2","|choice|move stoneedge 1|switch 6","|","|switch|p2a: Medichamp|Medicham, F|261/261","|move|p1a: Tyranitar|Stone Edge|p2a: Medichamp|[miss]","|-miss|p1a: Tyranitar|p2a: Medichamp","|","|-weather|Sandstorm|[upkeep]","|-damage|p2a: Medichamp|245/261|[from] sandstorm","|turn|3","|choice|move stoneedge 1|move zenheadbutt","|","|move|p2a: Medichamp|Zen Headbutt|p1a: Tyranitar","|-immune|p1a: Tyranitar|[msg]","|move|p1a: Tyranitar|Stone Edge|p2a: Medichamp","|-resisted|p2a: Medichamp","|-damage|p2a: Medichamp|61/261","|","|-weather|Sandstorm|[upkeep]","|-damage|p2a: Medichamp|45/261|[from] sandstorm","|turn|4","|choice|move stoneedge 1|move zenheadbutt","|","|move|p2a: Medichamp|Zen Headbutt|p1a: Tyranitar","|-immune|p1a: Tyranitar|[msg]","|move|p1a: Tyranitar|Stone Edge|p2a: Medichamp","|-resisted|p2a: Medichamp","|-damage|p2a: Medichamp|0 fnt","|faint|p2a: Medichamp","|","|-weather|Sandstorm|[upkeep]","|choice||switch 3","|","|switch|p2a: Weav|Weavile, M|281/281","|-ability|p2a: Weav|Pressure","|turn|5","|choice|move stoneedge 1|move lowkick","|","|move|p2a: Weav|Low Kick|p1a: Tyranitar","|-supereffective|p1a: Tyranitar","|-damage|p1a: Tyranitar|0 fnt","|faint|p1a: Tyranitar","|","|-weather|none","|choice|switch 3|","|","|switch|p1a: Clefable|Clefable, F|394/394","|turn|6","|choice|move calmmind|switch 4","|","|switch|p2a: SSD|Metagross|301/301","|move|p1a: Clefable|Calm Mind|p1a: Clefable","|-boost|p1a: Clefable|spa|1","|-boost|p1a: Clefable|spd|1","|","|turn|7","|choice|move flamethrower 1|move meteormash mega","|","|detailschange|p2a: SSD|Metagross-Mega","|-mega|p2a: SSD|Metagross|Metagrossite","|move|p2a: SSD|Meteor Mash|p1a: Clefable","|-supereffective|p1a: Clefable","|-damage|p1a: Clefable|0 fnt","|faint|p1a: Clefable","|","|choice|switch 2|","|","|switch|p1a: Skarmory|Skarmory, F|333/333","|turn|8","|choice|move spikes|move hammerarm","|","|move|p2a: SSD|Hammer Arm|p1a: Skarmory","|-damage|p1a: Skarmory|207/333","|-damage|p2a: SSD|251/301|[from] item: Rocky Helmet|[of] p1a: Skarmory","|-unboost|p2a: SSD|spe|1","|move|p1a: Skarmory|Spikes|p2a: SSD","|-sidestart|p2: Digital Edge|Spikes","|","|turn|9","|choice|move spikes|move hammerarm","|","|move|p2a: SSD|Hammer Arm|p1a: Skarmory|[miss]","|-miss|p2a: SSD|p1a: Skarmory","|move|p1a: Skarmory|Spikes|p2a: SSD","|-sidestart|p2: Digital Edge|Spikes","|","|turn|10","|choice|move ironhead 1|move hammerarm","|","|move|p2a: SSD|Hammer Arm|p1a: Skarmory","|-damage|p1a: Skarmory|88/333","|-damage|p2a: SSD|201/301|[from] item: Rocky Helmet|[of] p1a: Skarmory","|-unboost|p2a: SSD|spe|1","|move|p1a: Skarmory|Iron Head|p2a: SSD","|-resisted|p2a: SSD","|-damage|p2a: SSD|174/301","|","|turn|11","|choice|move ironhead 1|move hammerarm","|","|move|p1a: Skarmory|Iron Head|p2a: SSD","|-resisted|p2a: SSD","|-damage|p2a: SSD|144/301","|cant|p2a: SSD|flinch","|","|turn|12","|choice|move roost|move hammerarm","|","|move|p1a: Skarmory|Roost|p1a: Skarmory","|-heal|p1a: Skarmory|255/333","|move|p2a: SSD|Hammer Arm|p1a: Skarmory","|-supereffective|p1a: Skarmory","|-damage|p1a: Skarmory|13/333","|-damage|p2a: SSD|94/301|[from] item: Rocky Helmet|[of] p1a: Skarmory","|-unboost|p2a: SSD|spe|1","|","|turn|13","|choice|move roost|move hammerarm","|","|move|p1a: Skarmory|Roost|p1a: Skarmory","|-heal|p1a: Skarmory|180/333","|move|p2a: SSD|Hammer Arm|p1a: Skarmory","|-supereffective|p1a: Skarmory","|-damage|p1a: Skarmory|0 fnt","|-damage|p2a: SSD|44/301|[from] item: Rocky Helmet|[of] p1a: Skarmory","|-unboost|p2a: SSD|spe|1","|faint|p1a: Skarmory","|","|choice|switch 4|","|","|switch|p1a: Seismitoad|Seismitoad, M|413/413","|turn|14","|choice|move scald 1|move zenheadbutt","|","|move|p1a: Seismitoad|Scald|p2a: SSD","|-damage|p2a: SSD|0 fnt","|faint|p2a: SSD","|","|choice||switch 2","|","|switch|p2a: FTLO|Talonflame, M|331/331","|turn|15","|choice|move stealthrock|move willowisp","|","|move|p2a: FTLO|Will-O-Wisp|p1a: Seismitoad","|-status|p1a: Seismitoad|brn","|move|p1a: Seismitoad|Stealth Rock|p2a: FTLO","|-sidestart|p2: Digital Edge|move: Stealth Rock","|","|-damage|p1a: Seismitoad|362/413 brn|[from] brn","|turn|16","|choice|move scald 1|move bravebird","|","|move|p2a: FTLO|Brave Bird|p1a: Seismitoad","|-damage|p1a: Seismitoad|217/413 brn","|-damage|p2a: FTLO|283/331|[from] recoil|[of] p1a: Seismitoad","|move|p1a: Seismitoad|Scald|p2a: FTLO","|-supereffective|p2a: FTLO","|-damage|p2a: FTLO|53/331","|","|-heal|p2a: FTLO|73/331|[from] item: Leftovers","|-heal|p1a: Seismitoad|242/413 brn|[from] item: Leftovers","|-damage|p1a: Seismitoad|191/413 brn|[from] brn","|turn|17","|choice|move scald 1|move roost","|","|move|p2a: FTLO|Roost|p2a: FTLO","|-heal|p2a: FTLO|239/331","|move|p1a: Seismitoad|Scald|p2a: FTLO","|-supereffective|p2a: FTLO","|-damage|p2a: FTLO|0 fnt","|faint|p2a: FTLO","|","|-heal|p1a: Seismitoad|216/413 brn|[from] item: Leftovers","|-damage|p1a: Seismitoad|165/413 brn|[from] brn","|choice||switch 4","|","|switch|p2a: Weav|Weavile, M|281/281","|-damage|p2a: Weav|211/281|[from] Stealth Rock","|-damage|p2a: Weav|165/281|[from] Spikes","|-ability|p2a: Weav|Pressure","|turn|18","|choice|move toxic 1|move knockoff","|","|move|p2a: Weav|Knock Off|p1a: Seismitoad","|-damage|p1a: Seismitoad|0 fnt","|-enditem|p1a: Seismitoad|Leftovers|[from] move: Knock Off|[of] p2a: Weav","|faint|p1a: Seismitoad","|","|choice|switch 5|","|","|switch|p1a: Gengar|Gengar, M, shiny|261/261","|turn|19","|choice|move sludgewave|move knockoff","|","|move|p1a: Gengar|Sludge Wave|p2a: Weav","|-crit|p2a: Weav","|-damage|p2a: Weav|0 fnt","|faint|p2a: Weav","|","|choice||switch 5","|","|switch|p2a: England|Nidoqueen, F|321/321","|-damage|p2a: England|301/321|[from] Stealth Rock","|-damage|p2a: England|248/321|[from] Spikes","|turn|20","|choice|switch 6|move shadowball","|","|switch|p1a: Latias|Latias, F|363/363","|move|p2a: England|Shadow Ball|p1a: Latias","|-supereffective|p1a: Latias","|-damage|p1a: Latias|168/363","|","|turn|21","|choice|move roost mega|move shadowball","|","|detailschange|p1a: Latias|Latias-Mega, F","|-mega|p1a: Latias|Latias|Latiasite","|move|p1a: Latias|Roost|p1a: Latias","|-heal|p1a: Latias|350/363","|move|p2a: England|Shadow Ball|p1a: Latias","|-supereffective|p1a: Latias","|-damage|p1a: Latias|168/363","|","|turn|22","|choice|move roost|move shadowball","|","|move|p1a: Latias|Roost|p1a: Latias","|-heal|p1a: Latias|350/363","|move|p2a: England|Shadow Ball|p1a: Latias","|-supereffective|p1a: Latias","|-damage|p1a: Latias|171/363","|","|turn|23","|choice|move roost|move shadowball","|","|move|p1a: Latias|Roost|p1a: Latias","|-heal|p1a: Latias|353/363","|move|p2a: England|Shadow Ball|p1a: Latias","|-supereffective|p1a: Latias","|-damage|p1a: Latias|187/363","|","|turn|24","|choice|move roost|move shadowball","|","|move|p1a: Latias|Roost|p1a: Latias","|-heal|p1a: Latias|363/363","|move|p2a: England|Shadow Ball|p1a: Latias","|-supereffective|p1a: Latias","|-damage|p1a: Latias|186/363","|","|turn|25","|choice|move roost|move shadowball","|","|move|p1a: Latias|Roost|p1a: Latias","|-heal|p1a: Latias|363/363","|move|p2a: England|Shadow Ball|p1a: Latias","|-supereffective|p1a: Latias","|-damage|p1a: Latias|184/363","|","|turn|26","|choice|move roost|move shadowball","|","|move|p1a: Latias|Roost|p1a: Latias","|-heal|p1a: Latias|363/363","|move|p2a: England|Shadow Ball|p1a: Latias","|-supereffective|p1a: Latias","|-damage|p1a: Latias|197/363","|","|turn|27","|choice|move icebeam 1|move shadowball","|","|move|p1a: Latias|Ice Beam|p2a: England","|-supereffective|p2a: England","|-damage|p2a: England|32/321","|move|p2a: England|Shadow Ball|p1a: Latias","|-supereffective|p1a: Latias","|-damage|p1a: Latias|36/363","|","|turn|28","|choice|move icebeam 1|move shadowball","|","|move|p1a: Latias|Ice Beam|p2a: England","|-supereffective|p2a: England","|-damage|p2a: England|0 fnt","|faint|p2a: England","|","|choice||switch 6","|","|switch|p2a: Absolute|Absol, F, shiny|255/271","|-damage|p2a: Absolute|222/271|[from] Stealth Rock","|-damage|p2a: Absolute|177/271|[from] Spikes","|turn|29","|choice|switch 6|move suckerpunch","|","|switch|p1a: Gengar|Gengar, M, shiny|261/261","|move|p2a: Absolute|Sucker Punch|p1a: Gengar|[still]","|-fail|p2a: Absolute","|","|turn|30","|choice|move sludgewave|move suckerpunch","|","|move|p2a: Absolute|Sucker Punch|p1a: Gengar","|-supereffective|p1a: Gengar","|-damage|p1a: Gengar|0 fnt","|-damage|p2a: Absolute|150/271|[from] item: Life Orb","|faint|p1a: Gengar","|","|choice|switch 6|","|","|switch|p1a: Latias|Latias-Mega, F|36/363","|turn|31","|choice|move thunderwave 1|move suckerpunch","|","|move|p2a: Absolute|Sucker Punch|p1a: Latias|[still]","|-fail|p2a: Absolute","|move|p1a: Latias|Thunder Wave|p2a: Absolute","|-status|p2a: Absolute|par","|","|turn|32","|choice|move roost|move suckerpunch","|","|cant|p2a: Absolute|par","|move|p1a: Latias|Roost|p1a: Latias","|-heal|p1a: Latias|218/363","|","|turn|33","|choice|move icebeam 1|move suckerpunch","|","|move|p2a: Absolute|Sucker Punch|p1a: Latias","|-supereffective|p1a: Latias","|-damage|p1a: Latias|0 fnt","|-damage|p2a: Absolute|123/271 par|[from] item: Life Orb","|faint|p1a: Latias","|","|win|Digital Edge"],"p1rating":1098.599912594534,"p2rating":1279.5857251320917,"endType":"normal"}