{"seed":[34205,49024,38092,9844],"turns":28,"p1":"BatterBotto","p2":"FlareonDriod","p1team":[{"name":"Seismitoad","species":"Seismitoad","item":"leftovers","ability":"Water Absorb","moves":["stealthrock","scald","earthpower","toxic"],"nature":"Bold","evs":{"hp":248,"atk":0,"def":240,"spa":0,"spd":20,"spe":0},"gender":"M","ivs":{"hp":31,"atk":0,"def":31,"spa":31,"spd":31,"spe":31}},{"name":"Skarmory","species":"Skarmory","item":"rockyhelmet","ability":"Sturdy","moves":["spikes","ironhead","roost","whirlwind"],"nature":"Impish","evs":{"hp":248,"atk":0,"def":0,"spa":0,"spd":236,"spe":24},"gender":"F","ivs":{"hp":31,"atk":31,"def":31,"spa":31,"spd":31,"spe":31}},{"name":"Clefable","species":"Clefable","item":"leftovers","ability":"Magic Guard","moves":["calmmind","moonblast","flamethrower","softboiled"],"nature":"Calm","evs":{"hp":252,"atk":0,"def":160,"spa":0,"spd":96,"spe":0},"gender":"F","ivs":{"hp":31,"atk":0,"def":31,"spa":31,"spd":31,"spe":31}},{"name":"Tyranitar","species":"Tyranitar","item":"choiceband","ability":"Sand Stream","moves":["pursuit","stoneedge","crunch","icepunch"],"nature":"Adamant","evs":{"hp":56,"atk":252,"def":4,"spa":0,"spd":0,"spe":196},"gender":"M","ivs":{"hp":31,"atk":31,"def":31,"spa":31,"spd":31,"spe":31}},{"name":"Gengar","species":"Gengar","item":"choicescarf","ability":"Levitate","moves":["shadowball","sludgewave","focusblast","trick"],"nature":"Timid","evs":{"hp":0,"atk":0,"def":0,"spa":252,"spd":4,"spe":252},"gender":"M","ivs":{"hp":31,"atk":0,"def":31,"spa":31,"spd":31,"spe":31},"shiny":true},{"name":"Latias","species":"Latias","item":"latiasite","ability":"Levitate","moves":["thunderbolt","icebeam","roost","thunderwave"],"nature":"Timid","evs":{"hp":248,"atk":0,"def":32,"spa":12,"spd":0,"spe":216},"ivs":{"hp":31,"atk":0,"def":31,"spa":31,"spd":31,"spe":31}}],"p2team":[{"name":"Beedrill","species":"Beedrill","item":"beedrillite","ability":"Swarm","moves":["uturn","poisonjab","drillrun","protect"],"nature":"Jolly","evs":{"hp":0,"atk":252,"def":0,"spa":0,"spd":4,"spe":252},"ivs":{"hp":31,"atk":31,"def":31,"spa":31,"spd":31,"spe":31}},{"name":"Whimsicott","species":"Whimsicott","item":"yacheberry","ability":"Prankster","moves":["gigadrain","moonblast","encore","uturn"],"nature":"Timid","evs":{"hp":0,"atk":0,"def":0,"spa":252,"spd":4,"spe":252},"ivs":{"hp":31,"atk":31,"def":31,"spa":31,"spd":31,"spe":31}},{"name":"Empoleon","species":"Empoleon","item":"leftovers","ability":"Torrent","moves":["scald","icebeam","stealthrock","defog"],"nature":"Calm","evs":{"hp":252,"atk":0,"def":0,"spa":4,"spd":252,"spe":0},"ivs":{"hp":31,"atk":0,"def":31,"spa":31,"spd":31,"spe":31}},{"name":"Reuniclus","species":"Reuniclus","item":"leftovers","ability":"Magic Guard","moves":["calmmind","psyshock","shadowball","recover"],"nature":"Bold","evs":{"hp":252,"atk":0,"def":252,"spa":4,"spd":0,"spe":0},"ivs":{"hp":31,"atk":0,"def":31,"spa":31,"spd":31,"spe":31}},{"name":"Toxicroak","species":"Toxicroak","item":"lifeorb","ability":"Dry Skin","moves":["swordsdance","gunkshot","drainpunch","suckerpunch"],"nature":"Jolly","evs":{"hp":0,"atk":252,"def":0,"spa":0,"spd":4,"spe":252},"ivs":{"hp":31,"atk":31,"def":31,"spa":31,"spd":31,"spe":31}},{"name":"Hydreigon","species":"Hydreigon","item":"choicescarf","ability":"Levitate","moves":["dracometeor","darkpulse","fireblast","uturn"],"nature":"Timid","evs":{"hp":0,"atk":0,"def":0,"spa":252,"spd":4,"spe":252},"ivs":{"hp":31,"atk":31,"def":31,"spa":31,"spd":31,"spe":31}}],"log":["|player|p1|BatterBotto|batterbotto.png","|player|p2|FlareonDriod|flareondriod.png","|gametype|singles","|gen|6","|tier|OU","|rated","|seed|34205,49024,38092,9844","|clearpoke","|poke|p1|Seismitoad, M|item","|poke|p1|Skarmory, F|item","|poke|p1|Clefable, F|item","|poke|p1|Tyranitar, M|item","|poke|p1|Gengar, M, shiny|item","|poke|p1|Latias, F|item","|poke|p2|Beedrill, F|item","|poke|p2|Whimsicott, F|item","|poke|p2|Empoleon, F|item","|poke|p2|Reuniclus, M|item","|poke|p2|Toxicroak, F|item","|poke|p2|Hydreigon, M|item","|rule|Swagger Clause: Swagger is banned","|rule|Baton Pass Clause: Limit one Baton Passer, can't pass Spe and other stats simultaneously","|rule|Sleep Clause Mod: Limit one foe put to sleep","|rule|Species Clause: Limit one of each Pokémon","|rule|OHKO Clause: OHKO moves are banned","|rule|Moody Clause: Moody is banned","|rule|Evasion Moves Clause: Evasion moves are banned","|rule|Endless Battle Clause: Forcing endless battles is banned","|rule|HP Percentage Mod: HP is shown in percentages","|teampreview","|choice|team 2, team 1, team 3, team 4, team 5, team 6|team 3, team 1, team 2, team 4, team 5, team 6","|","|start","|switch|p1a: Skarmory|Skarmory, F|333/333","|switch|p2a: Empoleon|Empoleon, F|372/372","|turn|1","|choice|switch 2|move stealthrock","|","|switch|p1a: Seismitoad|Seismitoad, M|413/413","|move|p2a: Empoleon|Stealth Rock|p1a: Seismitoad","|-sidestart|p1: BatterBotto|move: Stealth Rock","|","|turn|2","|choice|move earthpower 1|switch 3","|","|switch|p2a: Whimsicott|Whimsicott, F|261/261","|move|p1a: Seismitoad|Earth Power|p2a: Whimsicott","|-resisted|p2a: Whimsicott","|-damage|p2a: Whimsicott|205/261","|","|turn|3","|choice|switch 2|move gigadrain 1","|","|switch|p1a: Skarmory|Skarmory, F|333/333","|-damage|p1a: Skarmory|292/333|[from] Stealth Rock","|move|p2a: Whimsicott|Giga Drain|p1a: Skarmory","|-resisted|p1a: Skarmory","|-damage|p1a: Skarmory|271/333","|-heal|p2a: Whimsicott|216/261|[from] drain|[of] p1a: Skarmory","|","|turn|4","|choice|move ironhead 1|switch 3","|","|switch|p2a: Empoleon|Empoleon, F|372/372","|move|p1a: Skarmory|Iron Head|p2a: Empoleon","|-resisted|p2a: Empoleon","|-damage|p2a: Empoleon|350/372","|","|-heal|p2a: Empoleon|372/372|[from] item: Leftovers","|turn|5","|choice|switch 2|move scald 1","|","|switch|p1a: Seismitoad|Seismitoad, M|413/413","|-damage|p1a: Seismitoad|388/413|[from] Stealth Rock","|move|p2a: Empoleon|Scald|p1a: Seismitoad","|-heal|p1a: Seismitoad|413/413|[from] ability: Water Absorb|[of] p2a: Empoleon","|","|turn|6","|choice|move earthpower 1|switch 3","|","|switch|p2a: Whimsicott|Whimsicott, F|216/261","|move|p1a: Seismitoad|Earth Power|p2a: Whimsicott","|-resisted|p2a: Whimsicott","|-damage|p2a: Whimsicott|158/261","|-unboost|p2a: Whimsicott|spd|1","|","|turn|7","|choice|move stealthrock|move gigadrain 1","|","|move|p2a: Whimsicott|Giga Drain|p1a: Seismitoad","|-supereffective|p1a: Seismitoad","|-damage|p1a: Seismitoad|0 fnt","|-heal|p2a: Whimsicott|261/261|[from] drain|[of] p1a: Seismitoad","|faint|p1a: Seismitoad","|","|choice|switch 2|","|","|switch|p1a: Skarmory|Skarmory, F|271/333","|-damage|p1a: Skarmory|230/333|[from] Stealth Rock","|turn|8","|choice|move ironhead 1|switch 3","|","|switch|p2a: Empoleon|Empoleon, F|372/372","|move|p1a: Skarmory|Iron Head|p2a: Empoleon","|-resisted|p2a: Empoleon","|-damage|p2a: Empoleon|349/372","|","|-heal|p2a: Empoleon|372/372|[from] item: Leftovers","|turn|9","|choice|switch 6|move scald 1","|","|switch|p1a: Latias|Latias, F|363/363","|-damage|p1a: Latias|318/363|[from] Stealth Rock","|move|p2a: Empoleon|Scald|p1a: Latias","|-resisted|p1a: Latias","|-damage|p1a: Latias|276/363","|-status|p1a: Latias|brn","|","|-damage|p1a: Latias|231/363 brn|[from] brn","|turn|10","|choice|move roost mega|move icebeam 1","|","|detailschange|p1a: Latias|Latias-Mega, F","|-mega|p1a: Latias|Latias|Latiasite","|move|p1a: Latias|Roost|p1a: Latias","|-heal|p1a: Latias|363/363 brn","|move|p2a: Empoleon|Ice Beam|p1a: Latias","|-supereffective|p1a: Latias","|-damage|p1a: Latias|251/363 brn","|","|-damage|p1a: Latias|206/363 brn|[from] brn","|turn|11","|choice|move thunderwave 1|move icebeam 1","|","|move|p1a: Latias|Thunder Wave|p2a: Empoleon","|-status|p2a: Empoleon|par","|move|p2a: Empoleon|Ice Beam|p1a: Latias","|-supereffective|p1a: Latias","|-damage|p1a: Latias|100/363 brn","|","|-damage|p1a: Latias|55/363 brn|[from] brn","|turn|12","|choice|move roost|move icebeam 1","|","|move|p1a: Latias|Roost|p1a: Latias","|-heal|p1a: Latias|237/363 brn","|cant|p2a: Empoleon|par","|","|-damage|p1a: Latias|192/363 brn|[from] brn","|turn|13","|choice|move thunderbolt 1|move icebeam 1","|","|move|p1a: Latias|Thunderbolt|p2a: Empoleon","|-supereffective|p2a: Empoleon","|-damage|p2a: Empoleon|238/372 par","|cant|p2a: Empoleon|par","|","|-heal|p2a: Empoleon|261/372 par|[from] item: Leftovers","|-damage|p1a: Latias|147/363 brn|[from] brn","|turn|14","|choice|move roost|move icebeam 1","|","|move|p1a: Latias|Roost|p1a: Latias","|-heal|p1a: Latias|329/363 brn","|cant|p2a: Empoleon|par","|","|-heal|p2a: Empoleon|284/372 par|[from] item: Leftovers","|-damage|p1a: Latias|284/363 brn|[from] brn","|turn|15","|choice|move thunderbolt 1|move icebeam 1","|","|move|p1a: Latias|Thunderbolt|p2a: Empoleon","|-supereffective|p2a: Empoleon","|-damage|p2a: Empoleon|138/372 par","|move|p2a: Empoleon|Ice Beam|p1a: Latias","|-supereffective|p1a: Latias","|-damage|p1a: Latias|166/363 brn","|","|-heal|p2a: Empoleon|161/372 par|[from] item: Leftovers","|-damage|p1a: Latias|121/363 brn|[from] brn","|turn|16","|choice|move thunderbolt 1|move icebeam 1","|","|move|p1a: Latias|Thunderbolt|p2a: Empoleon","|-supereffective|p2a: Empoleon","|-damage|p2a: Empoleon|25/372 par","|move|p2a: Empoleon|Ice Beam|p1a: Latias","|-supereffective|p1a: Latias","|-damage|p1a: Latias|1/363 brn","|","|-heal|p2a: Empoleon|48/372 par|[from] item: Leftovers","|-damage|p1a: Latias|0 fnt|[from] brn","|faint|p1a: Latias","|choice|switch 6|","|","|switch|p1a: Skarmory|Skarmory, F|230/333","|-damage|p1a: Skarmory|189/333|[from] Stealth Rock","|turn|17","|choice|move spikes|move scald 1","|","|move|p1a: Skarmory|Spikes|p2a: Empoleon","|-sidestart|p2: FlareonDriod|Spikes","|cant|p2a: Empoleon|par","|","|-heal|p2a: Empoleon|71/372 par|[from] item: Leftovers","|turn|18","|choice|move roost|move defog 1","|","|move|p1a: Skarmory|Roost|p1a: Skarmory","|-heal|p1a: Skarmory|333/333","|move|p2a: Empoleon|Defog|p1a: Skarmory","|-unboost|p1a: Skarmory|evasion|1","|-sideend|p1: BatterBotto|Stealth Rock|[from] move: Defog|[of] p1a: Skarmory","|-sideend|p2: FlareonDriod|Spikes|[from] move: Defog|[of] p2a: Empoleon","|","|-heal|p2a: Empoleon|94/372 par|[from] item: Leftovers","|turn|19","|choice|move ironhead 1|move stealthrock","|","|move|p1a: Skarmory|Iron Head|p2a: Empoleon","|-resisted|p2a: Empoleon","|-damage|p2a: Empoleon|71/372 par","|cant|p2a: Empoleon|flinch","|","|-heal|p2a: Empoleon|94/372 par|[from] item: Leftovers","|turn|20","|choice|move spikes|move scald 1","|","|move|p1a: Skarmory|Spikes|p2a: Empoleon","|-sidestart|p2: FlareonDriod|Spikes","|cant|p2a: Empoleon|par","|","|-heal|p2a: Empoleon|117/372 par|[from] item: Leftovers","|turn|21","|choice|move spikes|move scald 1","|","|move|p1a: Skarmory|Spikes|p2a: Empoleon","|-sidestart|p2: FlareonDriod|Spikes","|move|p2a: Empoleon|Scald|p1a: Skarmory","|-damage|p1a: Skarmory|182/333","|","|-heal|p2a: Empoleon|140/372 par|[from] item: Leftovers","|turn|22","|choice|move ironhead 1|move scald 1","|","|move|p1a: Skarmory|Iron Head|p2a: Empoleon","|-resisted|p2a: Empoleon","|-damage|p2a: Empoleon|120/372 par","|move|p2a: Empoleon|Scald|p1a: Skarmory","|-damage|p1a: Skarmory|37/333","|","|-heal|p2a: Empoleon|143/372 par|[from] item: Leftovers","|turn|23","|choice|move spikes|move icebeam 1","|","|move|p1a: Skarmory|Spikes|p2a: Empoleon","|-sidestart|p2: FlareonDriod|Spikes","|move|p2a: Empoleon|Ice Beam|p1a: Skarmory","|-damage|p1a: Skarmory|0 fnt","|faint|p1a: Skarmory","|","|-heal|p2a: Empoleon|166/372 par|[from] item: Leftovers","|choice|switch 5|","|","|switch|p1a: Gengar|Gengar, M, shiny|261/261","|turn|24","|choice|move focusblast 1|move stealthrock","|","|move|p1a: Gengar|Focus Blast|p2a: Empoleon|[miss]","|-miss|p1a: Gengar|p2a: Empoleon","|move|p2a: Empoleon|Stealth Rock|p1a: Gengar","|-sidestart|p1: BatterBotto|move: Stealth Rock","|","|-heal|p2a: Empoleon|189/372 par|[from] item: Leftovers","|turn|25","|choice|move focusblast 1|move scald 1","|","|move|p1a: Gengar|Focus Blast|p2a: Empoleon","|-supereffective|p2a: Empoleon","|-damage|p2a: Empoleon|0 fnt","|faint|p2a: Empoleon","|","|choice||switch 5","|","|switch|p2a: Toxicroak|Toxicroak, F|307/307","|-damage|p2a: Toxicroak|231/307|[from] Spikes","|turn|26","|choice|move focusblast 1|move suckerpunch 1","|","|move|p2a: Toxicroak|Sucker Punch|p1a: Gengar","|-supereffective|p1a: Gengar","|-damage|p1a: Gengar|0 fnt","|-damage|p2a: Toxicroak|201/307|[from] item: Life Orb","|faint|p1a: Gengar","|","|choice|switch 3|","|","|switch|p1a: Clefable|Clefable, F|394/394","|turn|27","|choice|move calmmind|move gunkshot 1","|","|move|p2a: Toxicroak|Gunk Shot|p1a: Clefable","|-supereffective|p1a: Clefable","|-damage|p1a: Clefable|0 fnt","|-damage|p2a: Toxicroak|171/307|[from] item: Life Orb","|faint|p1a: Clefable","|","|choice|switch 4|","|","|switch|p1a: Tyranitar|Tyranitar, M|355/355","|-damage|p1a: Tyranitar|311/355|[from] Stealth Rock","|-weather|Sandstorm|[from] ability: Sand Stream|[of] p1a: Tyranitar","|turn|28","|choice|move crunch 1|move drainpunch 1","|","|move|p2a: Toxicroak|Drain Punch|p1a: Tyranitar","|-supereffective|p1a: Tyranitar","|-damage|p1a: Tyranitar|0 fnt","|-heal|p2a: Toxicroak|307/307|[from] drain|[of] p1a: Tyranitar","|-damage|p2a: Toxicroak|277/307|[from] item: Life Orb","|faint|p1a: Tyranitar","|","|win|FlareonDriod"],"p1rating":1152.949945230697,"p2rating":1198.1920496021867,"endType":"normal"}