{"seed":[49559,14305,42409,44621],"turns":57,"p1":"BatterBotto","p2":"FlareonDriod","p1team":[{"name":"Seismitoad","species":"Seismitoad","item":"leftovers","ability":"Water Absorb","moves":["stealthrock","scald","earthpower","toxic"],"nature":"Bold","evs":{"hp":248,"atk":0,"def":240,"spa":0,"spd":20,"spe":0},"gender":"M","ivs":{"hp":31,"atk":0,"def":31,"spa":31,"spd":31,"spe":31}},{"name":"Skarmory","species":"Skarmory","item":"rockyhelmet","ability":"Sturdy","moves":["spikes","ironhead","roost","whirlwind"],"nature":"Impish","evs":{"hp":248,"atk":0,"def":0,"spa":0,"spd":236,"spe":24},"gender":"F","ivs":{"hp":31,"atk":31,"def":31,"spa":31,"spd":31,"spe":31}},{"name":"Clefable","species":"Clefable","item":"leftovers","ability":"Magic Guard","moves":["calmmind","moonblast","flamethrower","softboiled"],"nature":"Calm","evs":{"hp":252,"atk":0,"def":160,"spa":0,"spd":96,"spe":0},"gender":"F","ivs":{"hp":31,"atk":0,"def":31,"spa":31,"spd":31,"spe":31}},{"name":"Tyranitar","species":"Tyranitar","item":"choiceband","ability":"Sand Stream","moves":["pursuit","stoneedge","crunch","icepunch"],"nature":"Adamant","evs":{"hp":56,"atk":252,"def":4,"spa":0,"spd":0,"spe":196},"gender":"M","ivs":{"hp":31,"atk":31,"def":31,"spa":31,"spd":31,"spe":31}},{"name":"Gengar","species":"Gengar","item":"choicescarf","ability":"Levitate","moves":["shadowball","sludgewave","focusblast","trick"],"nature":"Timid","evs":{"hp":0,"atk":0,"def":0,"spa":252,"spd":4,"spe":252},"gender":"M","ivs":{"hp":31,"atk":0,"def":31,"spa":31,"spd":31,"spe":31},"shiny":true},{"name":"Latias","species":"Latias","item":"latiasite","ability":"Levitate","moves":["thunderbolt","icebeam","roost","thunderwave"],"nature":"Timid","evs":{"hp":248,"atk":0,"def":32,"spa":12,"spd":0,"spe":216},"ivs":{"hp":31,"atk":0,"def":31,"spa":31,"spd":31,"spe":31}}],"p2team":[{"name":"Pinky","species":"weavile","item":"lifeorb","ability":"Pressure","moves":["knockoff","iciclecrash","iceshard","pursuit"],"nature":"Jolly","evs":{"hp":0,"atk":252,"def":4,"spa":0,"spd":0,"spe":252},"gender":"F","shiny":true,"ivs":{"hp":31,"atk":31,"def":31,"spa":31,"spd":31,"spe":31}},{"name":"Dog","species":"manectric","item":"manectite","ability":"Lightning Rod","moves":["voltswitch","thunderbolt","overheat","hiddenpowerice"],"nature":"Timid","evs":{"hp":0,"atk":0,"def":4,"spa":252,"spd":0,"spe":252},"gender":"F","ivs":{"hp":31,"atk":30,"def":30,"spa":31,"spd":31,"spe":31},"shiny":true},{"name":"Fatty","species":"azumarill","item":"choicescarf","ability":"Huge Power","moves":["playrough","aquajet","waterfall","superpower"],"nature":"Adamant","evs":{"hp":4,"atk":252,"def":0,"spa":0,"spd":0,"spe":252},"gender":"F","shiny":true,"ivs":{"hp":31,"atk":31,"def":31,"spa":31,"spd":31,"spe":31}},{"name":"Bird","species":"talonflame","item":"lifeorb","ability":"Gale Wings","moves":["bravebird","flareblitz","roost","willowisp"],"nature":"Adamant","evs":{"hp":252,"atk":252,"def":0,"spa":0,"spd":4,"spe":0},"shiny":true,"ivs":{"hp":31,"atk":31,"def":31,"spa":31,"spd":31,"spe":31}},{"name":"Super Fatty","species":"chansey","item":"eviolite","ability":"Natural Cure","moves":["healbell","wish","seismictoss","thunderwave"],"nature":"Bold","evs":{"hp":248,"atk":0,"def":8,"spa":0,"spd":252,"spe":0},"ivs":{"hp":31,"atk":31,"def":31,"spa":31,"spd":31,"spe":31}},{"name":"Horned","species":"excadrill","item":"lifeorb","ability":"Mold Breaker","moves":["earthquake","rockslide","stealthrock","rapidspin"],"nature":"Adamant","evs":{"hp":0,"atk":252,"def":0,"spa":0,"spd":4,"spe":252},"gender":"M","shiny":true,"ivs":{"hp":31,"atk":31,"def":31,"spa":31,"spd":31,"spe":31}}],"log":["|player|p1|BatterBotto|batterbotto.png","|player|p2|FlareonDriod|flareondriod.png","|gametype|singles","|gen|6","|tier|OU","|rated","|seed|49559,14305,42409,44621","|clearpoke","|poke|p1|Seismitoad, M|item","|poke|p1|Skarmory, F|item","|poke|p1|Clefable, F|item","|poke|p1|Tyranitar, M|item","|poke|p1|Gengar, M, shiny|item","|poke|p1|Latias, F|item","|poke|p2|Weavile, F, shiny|item","|poke|p2|Manectric, F, shiny|item","|poke|p2|Azumarill, F, shiny|item","|poke|p2|Talonflame, F, shiny|item","|poke|p2|Chansey, F|item","|poke|p2|Excadrill, M, shiny|item","|rule|Swagger Clause: Swagger is banned","|rule|Baton Pass Clause: Limit one Baton Passer, can't pass Spe and other stats simultaneously","|rule|Sleep Clause Mod: Limit one foe put to sleep","|rule|Species Clause: Limit one of each Pokémon","|rule|OHKO Clause: OHKO moves are banned","|rule|Moody Clause: Moody is banned","|rule|Evasion Moves Clause: Evasion moves are banned","|rule|Endless Battle Clause: Forcing endless battles is banned","|rule|HP Percentage Mod: HP is shown in percentages","|teampreview","|choice|team 3, team 1, team 2, team 4, team 5, team 6|team 6, team 1, team 2, team 3, team 4, team 5","|","|start","|switch|p1a: Clefable|Clefable, F|394/394","|switch|p2a: Horned|Excadrill, M, shiny|361/361","|-ability|p2a: Horned|Mold Breaker","|turn|1","|choice|switch 3|move earthquake","|","|switch|p1a: Skarmory|Skarmory, F|333/333","|move|p2a: Horned|Earthquake|p1a: Skarmory","|-immune|p1a: Skarmory|[msg]","|","|turn|2","|choice|move ironhead 1|move stealthrock","|","|move|p2a: Horned|Stealth Rock|p1a: Skarmory","|-sidestart|p1: BatterBotto|move: Stealth Rock","|move|p1a: Skarmory|Iron Head|p2a: Horned","|-resisted|p2a: Horned","|-damage|p2a: Horned|304/361","|","|turn|3","|choice|move ironhead 1|move rockslide","|","|move|p2a: Horned|Rock Slide|p1a: Skarmory","|-damage|p1a: Skarmory|239/333","|-damage|p2a: Horned|268/361|[from] item: Life Orb","|move|p1a: Skarmory|Iron Head|p2a: Horned","|-resisted|p2a: Horned","|-damage|p2a: Horned|205/361","|","|turn|4","|choice|move spikes|move rockslide","|","|move|p2a: Horned|Rock Slide|p1a: Skarmory","|-damage|p1a: Skarmory|153/333","|-damage|p2a: Horned|169/361|[from] item: Life Orb","|cant|p1a: Skarmory|flinch","|","|turn|5","|choice|move ironhead 1|move rockslide","|","|move|p2a: Horned|Rock Slide|p1a: Skarmory","|-damage|p1a: Skarmory|71/333","|-damage|p2a: Horned|133/361|[from] item: Life Orb","|move|p1a: Skarmory|Iron Head|p2a: Horned","|-resisted|p2a: Horned","|-damage|p2a: Horned|74/361","|","|turn|6","|choice|move spikes|move rockslide","|","|move|p2a: Horned|Rock Slide|p1a: Skarmory","|-damage|p1a: Skarmory|0 fnt","|-damage|p2a: Horned|38/361|[from] item: Life Orb","|faint|p1a: Skarmory","|","|choice|switch 2|","|","|switch|p1a: Seismitoad|Seismitoad, M|413/413","|-damage|p1a: Seismitoad|388/413|[from] Stealth Rock","|turn|7","|choice|move earthpower 1|move earthquake","|","|move|p2a: Horned|Earthquake|p1a: Seismitoad","|-damage|p1a: Seismitoad|174/413","|-damage|p2a: Horned|2/361|[from] item: Life Orb","|move|p1a: Seismitoad|Earth Power|p2a: Horned","|-supereffective|p2a: Horned","|-damage|p2a: Horned|0 fnt","|faint|p2a: Horned","|","|-heal|p1a: Seismitoad|199/413|[from] item: Leftovers","|choice||switch 4","|","|switch|p2a: Fatty|Azumarill, F, shiny|342/342","|turn|8","|choice|switch 5|move playrough 1","|","|switch|p1a: Gengar|Gengar, M, shiny|261/261","|-damage|p1a: Gengar|229/261|[from] Stealth Rock","|move|p2a: Fatty|Play Rough|p1a: Gengar","|-resisted|p1a: Gengar","|-damage|p1a: Gengar|86/261","|","|turn|9","|choice|move sludgewave|move playrough 1","|","|move|p1a: Gengar|Sludge Wave|p2a: Fatty","|-supereffective|p2a: Fatty","|-damage|p2a: Fatty|0 fnt","|faint|p2a: Fatty","|","|choice||switch 6","|","|switch|p2a: Super Fatty|Chansey, F|703/703","|turn|10","|choice|move sludgewave|move thunderwave 1","|","|move|p1a: Gengar|Sludge Wave|p2a: Super Fatty","|-damage|p2a: Super Fatty|616/703","|move|p2a: Super Fatty|Thunder Wave|p1a: Gengar","|-status|p1a: Gengar|par","|","|turn|11","|choice|move sludgewave|move wish","|","|move|p2a: Super Fatty|Wish|p2a: Super Fatty","|cant|p1a: Gengar|par","|","|turn|12","|choice|move sludgewave|switch 2","|","|switch|p2a: Pinky|Weavile, F, shiny|281/281","|-ability|p2a: Pinky|Pressure","|move|p1a: Gengar|Sludge Wave|p2a: Pinky","|-damage|p2a: Pinky|95/281","|","|-heal|p2a: Pinky|281/281|[from] move: Wish|[wisher] Super Fatty","|turn|13","|choice|move sludgewave|move knockoff 1","|","|move|p2a: Pinky|Knock Off|p1a: Gengar","|-supereffective|p1a: Gengar","|-damage|p1a: Gengar|0 fnt","|-enditem|p1a: Gengar|Choice Scarf|[from] move: Knock Off|[of] p2a: Pinky","|-damage|p2a: Pinky|253/281|[from] item: Life Orb","|faint|p1a: Gengar","|","|choice|switch 4|","|","|switch|p1a: Tyranitar|Tyranitar, M|355/355","|-damage|p1a: Tyranitar|311/355|[from] Stealth Rock","|-weather|Sandstorm|[from] ability: Sand Stream|[of] p1a: Tyranitar","|turn|14","|choice|move stoneedge 1|move iciclecrash 1","|","|move|p2a: Pinky|Icicle Crash|p1a: Tyranitar","|-damage|p1a: Tyranitar|130/355","|-damage|p2a: Pinky|225/281|[from] item: Life Orb","|cant|p1a: Tyranitar|flinch","|","|-weather|Sandstorm|[upkeep]","|-damage|p2a: Pinky|208/281|[from] sandstorm","|turn|15","|choice|move stoneedge 1|move iceshard 1","|","|move|p2a: Pinky|Ice Shard|p1a: Tyranitar","|-damage|p1a: Tyranitar|44/355","|-damage|p2a: Pinky|180/281|[from] item: Life Orb","|move|p1a: Tyranitar|Stone Edge|p2a: Pinky","|-supereffective|p2a: Pinky","|-damage|p2a: Pinky|0 fnt","|faint|p2a: Pinky","|","|-weather|Sandstorm|[upkeep]","|choice||switch 3","|","|switch|p2a: Dog|Manectric, F, shiny|281/281","|turn|16","|choice|move stoneedge 1|move hiddenpower 1 mega","|","|detailschange|p2a: Dog|Manectric-Mega, F, shiny","|-mega|p2a: Dog|Manectric|Manectite","|-ability|p2a: Dog|Intimidate|boost","|-unboost|p1a: Tyranitar|atk|1","|move|p2a: Dog|Hidden Power|p1a: Tyranitar","|-crit|p1a: Tyranitar","|-damage|p1a: Tyranitar|0 fnt","|faint|p1a: Tyranitar","|","|-weather|Sandstorm|[upkeep]","|-damage|p2a: Dog|264/281|[from] sandstorm","|choice|switch 5|","|","|switch|p1a: Seismitoad|Seismitoad, M|199/413","|-damage|p1a: Seismitoad|174/413|[from] Stealth Rock","|turn|17","|choice|move stealthrock|move overheat 1","|","|move|p2a: Dog|Overheat|p1a: Seismitoad","|-resisted|p1a: Seismitoad","|-damage|p1a: Seismitoad|75/413","|-unboost|p2a: Dog|spa|2","|move|p1a: Seismitoad|Stealth Rock|p2a: Dog","|-sidestart|p2: FlareonDriod|move: Stealth Rock","|","|-weather|Sandstorm|[upkeep]","|-damage|p2a: Dog|247/281|[from] sandstorm","|-heal|p1a: Seismitoad|100/413|[from] item: Leftovers","|turn|18","|choice|move earthpower 1|move hiddenpower 1","|","|move|p2a: Dog|Hidden Power|p1a: Seismitoad","|-damage|p1a: Seismitoad|56/413","|move|p1a: Seismitoad|Earth Power|p2a: Dog","|-supereffective|p2a: Dog","|-damage|p2a: Dog|23/281","|-unboost|p2a: Dog|spd|1","|","|-weather|none","|-heal|p1a: Seismitoad|81/413|[from] item: Leftovers","|turn|19","|choice|move earthpower 1|move hiddenpower 1","|","|move|p2a: Dog|Hidden Power|p1a: Seismitoad","|-damage|p1a: Seismitoad|32/413","|move|p1a: Seismitoad|Earth Power|p2a: Dog","|-supereffective|p2a: Dog","|-crit|p2a: Dog","|-damage|p2a: Dog|0 fnt","|faint|p2a: Dog","|","|-heal|p1a: Seismitoad|57/413|[from] item: Leftovers","|choice||switch 5","|","|switch|p2a: Bird|Talonflame, F, shiny|360/360","|-damage|p2a: Bird|180/360|[from] Stealth Rock","|turn|20","|choice|move scald 1|move bravebird 1","|","|move|p2a: Bird|Brave Bird|p1a: Seismitoad","|-damage|p1a: Seismitoad|0 fnt","|-damage|p2a: Bird|161/360|[from] recoil|[of] p1a: Seismitoad","|-damage|p2a: Bird|125/360|[from] item: Life Orb","|faint|p1a: Seismitoad","|","|choice|switch 6|","|","|switch|p1a: Latias|Latias, F|363/363","|-damage|p1a: Latias|318/363|[from] Stealth Rock","|turn|21","|choice|move thunderbolt 1 mega|move bravebird 1","|","|detailschange|p1a: Latias|Latias-Mega, F","|-mega|p1a: Latias|Latias|Latiasite","|move|p2a: Bird|Brave Bird|p1a: Latias","|-damage|p1a: Latias|143/363","|-damage|p2a: Bird|67/360|[from] recoil|[of] p1a: Latias","|-damage|p2a: Bird|31/360|[from] item: Life Orb","|move|p1a: Latias|Thunderbolt|p2a: Bird","|-supereffective|p2a: Bird","|-crit|p2a: Bird","|-damage|p2a: Bird|0 fnt","|faint|p2a: Bird","|","|choice||switch 2","|","|switch|p2a: Super Fatty|Chansey, F|616/703","|-damage|p2a: Super Fatty|529/703|[from] Stealth Rock","|turn|22","|choice|switch 3|move thunderwave 1","|","|switch|p1a: Clefable|Clefable, F|394/394","|move|p2a: Super Fatty|Thunder Wave|p1a: Clefable","|-status|p1a: Clefable|par","|","|turn|23","|choice|move calmmind|move seismictoss 1","|","|move|p2a: Super Fatty|Seismic Toss|p1a: Clefable","|-damage|p1a: Clefable|294/394 par","|move|p1a: Clefable|Calm Mind|p1a: Clefable","|-boost|p1a: Clefable|spa|1","|-boost|p1a: Clefable|spd|1","|","|-heal|p1a: Clefable|318/394 par|[from] item: Leftovers","|turn|24","|choice|move calmmind|move wish","|","|move|p2a: Super Fatty|Wish|p2a: Super Fatty","|move|p1a: Clefable|Calm Mind|p1a: Clefable","|-boost|p1a: Clefable|spa|1","|-boost|p1a: Clefable|spd|1","|","|-heal|p1a: Clefable|342/394 par|[from] item: Leftovers","|turn|25","|choice|move moonblast 1|move seismictoss 1","|","|move|p2a: Super Fatty|Seismic Toss|p1a: Clefable","|-damage|p1a: Clefable|242/394 par","|move|p1a: Clefable|Moonblast|p2a: Super Fatty","|-damage|p2a: Super Fatty|412/703","|-unboost|p2a: Super Fatty|spa|1","|","|-heal|p2a: Super Fatty|703/703|[from] move: Wish|[wisher] Super Fatty","|-heal|p1a: Clefable|266/394 par|[from] item: Leftovers","|turn|26","|choice|move softboiled|move wish","|","|move|p2a: Super Fatty|Wish|p2a: Super Fatty","|cant|p1a: Clefable|par","|","|-heal|p1a: Clefable|290/394 par|[from] item: Leftovers","|turn|27","|choice|move moonblast 1|move seismictoss 1","|","|move|p2a: Super Fatty|Seismic Toss|p1a: Clefable","|-damage|p1a: Clefable|190/394 par","|move|p1a: Clefable|Moonblast|p2a: Super Fatty","|-damage|p2a: Super Fatty|588/703","|-unboost|p2a: Super Fatty|spa|1","|","|-heal|p2a: Super Fatty|703/703|[from] move: Wish|[wisher] Super Fatty","|-heal|p1a: Clefable|214/394 par|[from] item: Leftovers","|turn|28","|choice|move softboiled|move wish","|","|move|p2a: Super Fatty|Wish|p2a: Super Fatty","|cant|p1a: Clefable|par","|","|-heal|p1a: Clefable|238/394 par|[from] item: Leftovers","|turn|29","|choice|move softboiled|move seismictoss 1","|","|move|p2a: Super Fatty|Seismic Toss|p1a: Clefable","|-damage|p1a: Clefable|138/394 par","|move|p1a: Clefable|Soft-Boiled|p1a: Clefable","|-heal|p1a: Clefable|335/394 par","|","|-heal|p1a: Clefable|359/394 par|[from] item: Leftovers","|turn|30","|choice|move moonblast 1|move seismictoss 1","|","|move|p2a: Super Fatty|Seismic Toss|p1a: Clefable","|-damage|p1a: Clefable|259/394 par","|move|p1a: Clefable|Moonblast|p2a: Super Fatty","|-damage|p2a: Super Fatty|591/703","|","|-heal|p1a: Clefable|283/394 par|[from] item: Leftovers","|turn|31","|choice|move softboiled|move wish","|","|move|p2a: Super Fatty|Wish|p2a: Super Fatty","|move|p1a: Clefable|Soft-Boiled|p1a: Clefable","|-heal|p1a: Clefable|394/394 par","|","|turn|32","|choice|move calmmind|move seismictoss 1","|","|move|p2a: Super Fatty|Seismic Toss|p1a: Clefable","|-damage|p1a: Clefable|294/394 par","|move|p1a: Clefable|Calm Mind|p1a: Clefable","|-boost|p1a: Clefable|spa|1","|-boost|p1a: Clefable|spd|1","|","|-heal|p2a: Super Fatty|703/703|[from] move: Wish|[wisher] Super Fatty","|-heal|p1a: Clefable|318/394 par|[from] item: Leftovers","|turn|33","|choice|move calmmind|move wish","|","|move|p2a: Super Fatty|Wish|p2a: Super Fatty","|move|p1a: Clefable|Calm Mind|p1a: Clefable","|-boost|p1a: Clefable|spa|1","|-boost|p1a: Clefable|spd|1","|","|-heal|p1a: Clefable|342/394 par|[from] item: Leftovers","|turn|34","|choice|move flamethrower 1|move seismictoss 1","|","|move|p2a: Super Fatty|Seismic Toss|p1a: Clefable","|-damage|p1a: Clefable|242/394 par","|move|p1a: Clefable|Flamethrower|p2a: Super Fatty","|-damage|p2a: Super Fatty|591/703","|","|-heal|p2a: Super Fatty|703/703|[from] move: Wish|[wisher] Super Fatty","|-heal|p1a: Clefable|266/394 par|[from] item: Leftovers","|turn|35","|choice|move moonblast 1|move seismictoss 1","|","|move|p2a: Super Fatty|Seismic Toss|p1a: Clefable","|-damage|p1a: Clefable|166/394 par","|move|p1a: Clefable|Moonblast|p2a: Super Fatty","|-damage|p2a: Super Fatty|541/703","|","|-heal|p1a: Clefable|190/394 par|[from] item: Leftovers","|turn|36","|choice|move softboiled|move seismictoss 1","|","|move|p2a: Super Fatty|Seismic Toss|p1a: Clefable","|-damage|p1a: Clefable|90/394 par","|move|p1a: Clefable|Soft-Boiled|p1a: Clefable","|-heal|p1a: Clefable|287/394 par","|","|-heal|p1a: Clefable|311/394 par|[from] item: Leftovers","|turn|37","|choice|move softboiled|move seismictoss 1","|","|move|p2a: Super Fatty|Seismic Toss|p1a: Clefable","|-damage|p1a: Clefable|211/394 par","|cant|p1a: Clefable|par","|","|-heal|p1a: Clefable|235/394 par|[from] item: Leftovers","|turn|38","|choice|move softboiled|move wish","|","|move|p2a: Super Fatty|Wish|p2a: Super Fatty","|cant|p1a: Clefable|par","|","|-heal|p1a: Clefable|259/394 par|[from] item: Leftovers","|turn|39","|choice|move softboiled|move seismictoss 1","|","|move|p2a: Super Fatty|Seismic Toss|p1a: Clefable","|-damage|p1a: Clefable|159/394 par","|move|p1a: Clefable|Soft-Boiled|p1a: Clefable","|-heal|p1a: Clefable|356/394 par","|","|-heal|p2a: Super Fatty|703/703|[from] move: Wish|[wisher] Super Fatty","|-heal|p1a: Clefable|380/394 par|[from] item: Leftovers","|turn|40","|choice|move calmmind|move wish","|","|move|p2a: Super Fatty|Wish|p2a: Super Fatty","|cant|p1a: Clefable|par","|","|-heal|p1a: Clefable|394/394 par|[from] item: Leftovers","|turn|41","|choice|move moonblast 1|move seismictoss 1","|","|move|p2a: Super Fatty|Seismic Toss|p1a: Clefable","|-damage|p1a: Clefable|294/394 par","|move|p1a: Clefable|Moonblast|p2a: Super Fatty","|-damage|p2a: Super Fatty|546/703","|","|-heal|p2a: Super Fatty|703/703|[from] move: Wish|[wisher] Super Fatty","|-heal|p1a: Clefable|318/394 par|[from] item: Leftovers","|turn|42","|choice|move softboiled|move wish","|","|move|p2a: Super Fatty|Wish|p2a: Super Fatty","|move|p1a: Clefable|Soft-Boiled|p1a: Clefable","|-heal|p1a: Clefable|394/394 par","|","|turn|43","|choice|move moonblast 1|move seismictoss 1","|","|move|p2a: Super Fatty|Seismic Toss|p1a: Clefable","|-damage|p1a: Clefable|294/394 par","|move|p1a: Clefable|Moonblast|p2a: Super Fatty","|-damage|p2a: Super Fatty|546/703","|-unboost|p2a: Super Fatty|spa|1","|","|-heal|p2a: Super Fatty|703/703|[from] move: Wish|[wisher] Super Fatty","|-heal|p1a: Clefable|318/394 par|[from] item: Leftovers","|turn|44","|choice|move softboiled|move wish","|","|move|p2a: Super Fatty|Wish|p2a: Super Fatty","|move|p1a: Clefable|Soft-Boiled|p1a: Clefable","|-heal|p1a: Clefable|394/394 par","|","|turn|45","|choice|move moonblast 1|move seismictoss 1","|","|move|p2a: Super Fatty|Seismic Toss|p1a: Clefable","|-damage|p1a: Clefable|294/394 par","|move|p1a: Clefable|Moonblast|p2a: Super Fatty","|-damage|p2a: Super Fatty|526/703","|","|-heal|p2a: Super Fatty|703/703|[from] move: Wish|[wisher] Super Fatty","|-heal|p1a: Clefable|318/394 par|[from] item: Leftovers","|turn|46","|choice|move calmmind|move seismictoss 1","|","|move|p2a: Super Fatty|Seismic Toss|p1a: Clefable","|-damage|p1a: Clefable|218/394 par","|move|p1a: Clefable|Calm Mind|p1a: Clefable","|-boost|p1a: Clefable|spa|1","|-boost|p1a: Clefable|spd|1","|","|-heal|p1a: Clefable|242/394 par|[from] item: Leftovers","|turn|47","|choice|move softboiled|move seismictoss 1","|","|move|p2a: Super Fatty|Seismic Toss|p1a: Clefable","|-damage|p1a: Clefable|142/394 par","|cant|p1a: Clefable|par","|","|-heal|p1a: Clefable|166/394 par|[from] item: Leftovers","|turn|48","|choice|move moonblast 1|move wish","|","|move|p2a: Super Fatty|Wish|p2a: Super Fatty","|cant|p1a: Clefable|par","|","|-heal|p1a: Clefable|190/394 par|[from] item: Leftovers","|turn|49","|choice|move softboiled|move seismictoss 1","|","|move|p2a: Super Fatty|Seismic Toss|p1a: Clefable","|-damage|p1a: Clefable|90/394 par","|move|p1a: Clefable|Soft-Boiled|p1a: Clefable","|-heal|p1a: Clefable|287/394 par","|","|-heal|p1a: Clefable|311/394 par|[from] item: Leftovers","|turn|50","|choice|move calmmind|move wish","|","|move|p2a: Super Fatty|Wish|p2a: Super Fatty","|cant|p1a: Clefable|par","|","|-heal|p1a: Clefable|335/394 par|[from] item: Leftovers","|turn|51","|choice|move calmmind|move seismictoss 1","|","|move|p2a: Super Fatty|Seismic Toss|p1a: Clefable","|-damage|p1a: Clefable|235/394 par","|move|p1a: Clefable|Calm Mind|p1a: Clefable","|-boost|p1a: Clefable|spa|1","|-boost|p1a: Clefable|spd|1","|","|-heal|p1a: Clefable|259/394 par|[from] item: Leftovers","|turn|52","|choice|move moonblast 1|move wish","|","|move|p2a: Super Fatty|Wish|p2a: Super Fatty","|move|p1a: Clefable|Moonblast|p2a: Super Fatty","|-damage|p2a: Super Fatty|504/703","|","|-heal|p1a: Clefable|283/394 par|[from] item: Leftovers","|turn|53","|choice|move softboiled|move seismictoss 1","|","|move|p2a: Super Fatty|Seismic Toss|p1a: Clefable","|-damage|p1a: Clefable|183/394 par","|move|p1a: Clefable|Soft-Boiled|p1a: Clefable","|-heal|p1a: Clefable|380/394 par","|","|-heal|p2a: Super Fatty|703/703|[from] move: Wish|[wisher] Super Fatty","|-heal|p1a: Clefable|394/394 par|[from] item: Leftovers","|turn|54","|choice|move moonblast 1|move seismictoss 1","|","|move|p2a: Super Fatty|Seismic Toss|p1a: Clefable","|-damage|p1a: Clefable|294/394 par","|move|p1a: Clefable|Moonblast|p2a: Super Fatty","|-damage|p2a: Super Fatty|468/703","|","|-heal|p1a: Clefable|318/394 par|[from] item: Leftovers","|turn|55","|choice|move softboiled|move seismictoss 1","|","|move|p2a: Super Fatty|Seismic Toss|p1a: Clefable","|-damage|p1a: Clefable|218/394 par","|cant|p1a: Clefable|par","|","|-heal|p1a: Clefable|242/394 par|[from] item: Leftovers","|turn|56","|choice|move flamethrower 1|move seismictoss 1","|","|move|p2a: Super Fatty|Seismic Toss|p1a: Clefable","|-damage|p1a: Clefable|142/394 par","|move|p1a: Clefable|Flamethrower|p2a: Super Fatty","|-damage|p2a: Super Fatty|331/703","|-status|p2a: Super Fatty|brn","|","|-heal|p1a: Clefable|166/394 par|[from] item: Leftovers","|-damage|p2a: Super Fatty|244/703 brn|[from] brn","|turn|57","|choice|move moonblast 1|move seismictoss 1","|","|move|p2a: Super Fatty|Seismic Toss|p1a: Clefable","|-damage|p1a: Clefable|66/394 par","|move|p1a: Clefable|Moonblast|p2a: Super Fatty","|-damage|p2a: Super Fatty|19/703 brn","|","|-heal|p1a: Clefable|90/394 par|[from] item: Leftovers","|-damage|p2a: Super Fatty|0 fnt|[from] brn","|faint|p2a: Super Fatty","|","|win|BatterBotto"],"p1rating":1191.6206027002036,"p2rating":1169.6479094681958,"endType":"normal"}