{"seed":[4786,22790,22924,20263],"turns":22,"p1":"FlareonDriod","p2":"XpRienzo ☑◡☑ - ⒹⓃⒹ","p1team":[{"name":"Beedrill","species":"Beedrill","item":"beedrillite","ability":"Swarm","moves":["uturn","poisonjab","drillrun","protect"],"nature":"Jolly","evs":{"hp":0,"atk":252,"def":0,"spa":0,"spd":4,"spe":252},"ivs":{"hp":31,"atk":31,"def":31,"spa":31,"spd":31,"spe":31}},{"name":"Whimsicott","species":"Whimsicott","item":"yacheberry","ability":"Prankster","moves":["gigadrain","moonblast","encore","uturn"],"nature":"Timid","evs":{"hp":0,"atk":0,"def":0,"spa":252,"spd":4,"spe":252},"ivs":{"hp":31,"atk":31,"def":31,"spa":31,"spd":31,"spe":31}},{"name":"Empoleon","species":"Empoleon","item":"leftovers","ability":"Torrent","moves":["scald","icebeam","stealthrock","defog"],"nature":"Calm","evs":{"hp":252,"atk":0,"def":0,"spa":4,"spd":252,"spe":0},"ivs":{"hp":31,"atk":0,"def":31,"spa":31,"spd":31,"spe":31}},{"name":"Reuniclus","species":"Reuniclus","item":"leftovers","ability":"Magic Guard","moves":["calmmind","psyshock","shadowball","recover"],"nature":"Bold","evs":{"hp":252,"atk":0,"def":252,"spa":4,"spd":0,"spe":0},"ivs":{"hp":31,"atk":0,"def":31,"spa":31,"spd":31,"spe":31}},{"name":"Toxicroak","species":"Toxicroak","item":"lifeorb","ability":"Dry Skin","moves":["swordsdance","gunkshot","drainpunch","suckerpunch"],"nature":"Jolly","evs":{"hp":0,"atk":252,"def":0,"spa":0,"spd":4,"spe":252},"ivs":{"hp":31,"atk":31,"def":31,"spa":31,"spd":31,"spe":31}},{"name":"Hydreigon","species":"Hydreigon","item":"choicescarf","ability":"Levitate","moves":["dracometeor","darkpulse","fireblast","uturn"],"nature":"Timid","evs":{"hp":0,"atk":0,"def":0,"spa":252,"spd":4,"spe":252},"ivs":{"hp":31,"atk":31,"def":31,"spa":31,"spd":31,"spe":31}}],"p2team":[{"name":"Talonflame","species":"Talonflame","item":"","ability":"Gale Wings","moves":["acrobatics","flareblitz","swordsdance","roost"],"nature":"Jolly","evs":{"hp":0,"atk":252,"def":4,"spa":0,"spd":0,"spe":252},"ivs":{"hp":31,"atk":31,"def":31,"spa":31,"spd":31,"spe":31}},{"name":"Togekiss","species":"Togekiss","item":"leftovers","ability":"Serene Grace","moves":["nastyplot","airslash","healbell","roost"],"nature":"Timid","evs":{"hp":252,"atk":0,"def":80,"spa":0,"spd":0,"spe":176},"ivs":{"hp":31,"atk":31,"def":31,"spa":31,"spd":31,"spe":31}},{"name":"Landorus","species":"Landorus-Therian","item":"rockyhelmet","ability":"Intimidate","moves":["earthquake","uturn","stoneedge","stealthrock"],"nature":"Impish","evs":{"hp":252,"atk":0,"def":240,"spa":0,"spd":8,"spe":8},"ivs":{"hp":31,"atk":31,"def":31,"spa":31,"spd":31,"spe":31}},{"name":"Latias","species":"Latias","item":"lifeorb","ability":"Levitate","moves":["dracometeor","psyshock","healingwish","defog"],"nature":"Timid","evs":{"hp":72,"atk":0,"def":0,"spa":184,"spd":0,"spe":252},"ivs":{"hp":31,"atk":31,"def":31,"spa":31,"spd":31,"spe":31}},{"name":"Charizard","species":"Charizard","item":"charizarditex","ability":"Solar Power","moves":["dragondance","roost","firepunch","dragonclaw"],"nature":"Adamant","evs":{"hp":0,"atk":252,"def":0,"spa":0,"spd":4,"spe":252},"shiny":true,"ivs":{"hp":31,"atk":31,"def":31,"spa":31,"spd":31,"spe":31}},{"name":"Serperior","species":"Serperior","item":"leftovers","ability":"Contrary","moves":["leafstorm","dragonpulse","hiddenpowerfire","glare"],"nature":"Timid","evs":{"hp":0,"atk":0,"def":0,"spa":252,"spd":4,"spe":252},"ivs":{"hp":31,"atk":0,"def":31,"spa":30,"spd":31,"spe":30}}],"log":["|player|p1|FlareonDriod|flareondriod.png","|player|p2|XpRienzo ☑◡☑ - ⒹⓃⒹ|xprienzo.gif","|gametype|singles","|gen|6","|tier|OU","|rated","|seed|4786,22790,22924,20263","|clearpoke","|poke|p1|Beedrill, F|item","|poke|p1|Whimsicott, F|item","|poke|p1|Empoleon, F|item","|poke|p1|Reuniclus, M|item","|poke|p1|Toxicroak, M|item","|poke|p1|Hydreigon, F|item","|poke|p2|Talonflame, M|","|poke|p2|Togekiss, F|item","|poke|p2|Landorus-Therian, M|item","|poke|p2|Latias, F|item","|poke|p2|Charizard, M, shiny|item","|poke|p2|Serperior, M|item","|rule|Swagger Clause: Swagger is banned","|rule|Baton Pass Clause: Limit one Baton Passer, can't pass Spe and other stats simultaneously","|rule|Sleep Clause Mod: Limit one foe put to sleep","|rule|Species Clause: Limit one of each Pokémon","|rule|OHKO Clause: OHKO moves are banned","|rule|Moody Clause: Moody is banned","|rule|Evasion Moves Clause: Evasion moves are banned","|rule|Endless Battle Clause: Forcing endless battles is banned","|rule|HP Percentage Mod: HP is shown in percentages","|teampreview","|choice|team 5, team 1, team 2, team 3, team 4, team 6|team 3, team 2, team 1, team 4, team 5, team 6","|","|start","|switch|p1a: Toxicroak|Toxicroak, M|307/307","|switch|p2a: Landorus|Landorus-Therian, M|382/382","|-ability|p2a: Landorus|Intimidate|boost","|-unboost|p1a: Toxicroak|atk|1","|turn|1","|choice|switch 6|move stealthrock","|","|switch|p1a: Hydreigon|Hydreigon, F|325/325","|move|p2a: Landorus|Stealth Rock|p1a: Hydreigon","|-sidestart|p1: FlareonDriod|move: Stealth Rock","|","|turn|2","|choice|move darkpulse 1|move uturn","|","|move|p1a: Hydreigon|Dark Pulse|p2a: Landorus","|-damage|p2a: Landorus|228/382","|move|p2a: Landorus|U-turn|p1a: Hydreigon","|-supereffective|p1a: Hydreigon","|-damage|p1a: Hydreigon|147/325","|choice||switch 6","|","|switch|p2a: Serperior|Serperior, M|291/291","|","|turn|3","|choice|move darkpulse 1|move leafstorm","|","|move|p1a: Hydreigon|Dark Pulse|p2a: Serperior","|-damage|p2a: Serperior|153/291","|move|p2a: Serperior|Leaf Storm|p1a: Hydreigon","|-resisted|p1a: Hydreigon","|-damage|p1a: Hydreigon|63/325","|-boost|p2a: Serperior|spa|2","|","|-heal|p2a: Serperior|171/291|[from] item: Leftovers","|turn|4","|choice|move darkpulse 1|move leafstorm","|","|move|p1a: Hydreigon|Dark Pulse|p2a: Serperior","|-damage|p2a: Serperior|21/291","|move|p2a: Serperior|Leaf Storm|p1a: Hydreigon","|-resisted|p1a: Hydreigon","|-crit|p1a: Hydreigon","|-damage|p1a: Hydreigon|0 fnt","|-boost|p2a: Serperior|spa|2","|faint|p1a: Hydreigon","|","|-heal|p2a: Serperior|39/291|[from] item: Leftovers","|choice|switch 2|","|","|switch|p1a: Beedrill|Beedrill, F|271/271","|-damage|p1a: Beedrill|204/271|[from] Stealth Rock","|turn|5","|choice|move uturn 1 mega|move glare","|","|detailschange|p1a: Beedrill|Beedrill-Mega, F","|-mega|p1a: Beedrill|Beedrill|Beedrillite","|move|p2a: Serperior|Glare|p1a: Beedrill","|-status|p1a: Beedrill|par","|move|p1a: Beedrill|U-turn|p2a: Serperior","|-supereffective|p2a: Serperior","|-damage|p2a: Serperior|0 fnt","|faint|p2a: Serperior","|choice|switch 3|","|","|switch|p1a: Whimsicott|Whimsicott, F|261/261","|-damage|p1a: Whimsicott|229/261|[from] Stealth Rock","|","|choice||switch 2","|","|switch|p2a: Togekiss|Togekiss, F|374/374","|turn|6","|choice|move moonblast 1|move nastyplot","|","|move|p1a: Whimsicott|Moonblast|p2a: Togekiss","|-damage|p2a: Togekiss|266/374","|move|p2a: Togekiss|Nasty Plot|p2a: Togekiss","|-boost|p2a: Togekiss|spa|2","|","|-heal|p2a: Togekiss|289/374|[from] item: Leftovers","|turn|7","|choice|move moonblast 1|move airslash","|","|move|p1a: Whimsicott|Moonblast|p2a: Togekiss","|-crit|p2a: Togekiss","|-damage|p2a: Togekiss|144/374","|move|p2a: Togekiss|Air Slash|p1a: Whimsicott","|-supereffective|p1a: Whimsicott","|-damage|p1a: Whimsicott|0 fnt","|faint|p1a: Whimsicott","|","|-heal|p2a: Togekiss|167/374|[from] item: Leftovers","|choice|switch 4|","|","|switch|p1a: Empoleon|Empoleon, F|372/372","|-damage|p1a: Empoleon|349/372|[from] Stealth Rock","|turn|8","|choice|move stealthrock|move airslash","|","|move|p2a: Togekiss|Air Slash|p1a: Empoleon","|-resisted|p1a: Empoleon","|-damage|p1a: Empoleon|275/372","|cant|p1a: Empoleon|flinch","|","|-heal|p2a: Togekiss|190/374|[from] item: Leftovers","|-heal|p1a: Empoleon|298/372|[from] item: Leftovers","|turn|9","|choice|move defog 1|move airslash","|","|move|p2a: Togekiss|Air Slash|p1a: Empoleon","|-resisted|p1a: Empoleon","|-damage|p1a: Empoleon|226/372","|move|p1a: Empoleon|Defog|p2a: Togekiss","|-unboost|p2a: Togekiss|evasion|1","|-sideend|p1: FlareonDriod|Stealth Rock|[from] move: Defog|[of] p1a: Empoleon","|","|-heal|p2a: Togekiss|213/374|[from] item: Leftovers","|-heal|p1a: Empoleon|249/372|[from] item: Leftovers","|turn|10","|choice|move stealthrock|move airslash","|","|move|p2a: Togekiss|Air Slash|p1a: Empoleon","|-resisted|p1a: Empoleon","|-damage|p1a: Empoleon|176/372","|move|p1a: Empoleon|Stealth Rock|p2a: Togekiss","|-sidestart|p2: XpRienzo ☑◡☑ - ⒹⓃⒹ|move: Stealth Rock","|","|-heal|p2a: Togekiss|236/374|[from] item: Leftovers","|-heal|p1a: Empoleon|199/372|[from] item: Leftovers","|turn|11","|choice|move icebeam 1|move airslash","|","|move|p2a: Togekiss|Air Slash|p1a: Empoleon","|-resisted|p1a: Empoleon","|-damage|p1a: Empoleon|121/372","|move|p1a: Empoleon|Ice Beam|p2a: Togekiss","|-supereffective|p2a: Togekiss","|-damage|p2a: Togekiss|108/374","|","|-heal|p2a: Togekiss|131/374|[from] item: Leftovers","|-heal|p1a: Empoleon|144/372|[from] item: Leftovers","|turn|12","|choice|move icebeam 1|move airslash","|","|move|p2a: Togekiss|Air Slash|p1a: Empoleon","|-resisted|p1a: Empoleon","|-damage|p1a: Empoleon|72/372","|cant|p1a: Empoleon|flinch","|","|-heal|p2a: Togekiss|154/374|[from] item: Leftovers","|-heal|p1a: Empoleon|95/372|[from] item: Leftovers","|turn|13","|choice|move icebeam 1|move airslash","|","|move|p2a: Togekiss|Air Slash|p1a: Empoleon","|-resisted|p1a: Empoleon","|-damage|p1a: Empoleon|19/372","|move|p1a: Empoleon|Ice Beam|p2a: Togekiss","|-supereffective|p2a: Togekiss","|-damage|p2a: Togekiss|6/374","|","|-heal|p2a: Togekiss|29/374|[from] item: Leftovers","|-heal|p1a: Empoleon|42/372|[from] item: Leftovers","|turn|14","|choice|move scald 1|move airslash","|","|move|p2a: Togekiss|Air Slash|p1a: Empoleon","|-resisted|p1a: Empoleon","|-damage|p1a: Empoleon|0 fnt","|faint|p1a: Empoleon","|","|-heal|p2a: Togekiss|52/374|[from] item: Leftovers","|choice|switch 5|","|","|switch|p1a: Reuniclus|Reuniclus, M|424/424","|turn|15","|choice|move psyshock 1|move roost","|","|move|p2a: Togekiss|Roost|p2a: Togekiss","|-heal|p2a: Togekiss|239/374","|move|p1a: Reuniclus|Psyshock|p2a: Togekiss","|-damage|p2a: Togekiss|125/374","|","|-heal|p2a: Togekiss|148/374|[from] item: Leftovers","|turn|16","|choice|move calmmind|move airslash","|","|move|p2a: Togekiss|Air Slash|p1a: Reuniclus","|-damage|p1a: Reuniclus|193/424","|cant|p1a: Reuniclus|flinch","|","|-heal|p2a: Togekiss|171/374|[from] item: Leftovers","|-heal|p1a: Reuniclus|219/424|[from] item: Leftovers","|turn|17","|choice|move psyshock 1|move airslash","|","|move|p2a: Togekiss|Air Slash|p1a: Reuniclus|[miss]","|-miss|p2a: Togekiss|p1a: Reuniclus","|move|p1a: Reuniclus|Psyshock|p2a: Togekiss","|-damage|p2a: Togekiss|68/374","|","|-heal|p2a: Togekiss|91/374|[from] item: Leftovers","|-heal|p1a: Reuniclus|245/424|[from] item: Leftovers","|turn|18","|choice|move psyshock 1|move airslash","|","|move|p2a: Togekiss|Air Slash|p1a: Reuniclus","|-damage|p1a: Reuniclus|11/424","|move|p1a: Reuniclus|Psyshock|p2a: Togekiss","|-damage|p2a: Togekiss|0 fnt","|faint|p2a: Togekiss","|","|-heal|p1a: Reuniclus|37/424|[from] item: Leftovers","|choice||switch 4","|","|switch|p2a: Latias|Latias, F|319/319","|-damage|p2a: Latias|280/319|[from] Stealth Rock","|turn|19","|choice|move shadowball 1|move defog","|","|move|p2a: Latias|Defog|p1a: Reuniclus","|-unboost|p1a: Reuniclus|evasion|1","|-sideend|p2: XpRienzo ☑◡☑ - ⒹⓃⒹ|Stealth Rock|[from] move: Defog|[of] p2a: Latias","|move|p1a: Reuniclus|Shadow Ball|p2a: Latias","|-supereffective|p2a: Latias","|-crit|p2a: Latias","|-damage|p2a: Latias|86/319","|","|-heal|p1a: Reuniclus|63/424|[from] item: Leftovers","|turn|20","|choice|move shadowball 1|move psyshock","|","|move|p2a: Latias|Psyshock|p1a: Reuniclus","|-resisted|p1a: Reuniclus","|-damage|p1a: Reuniclus|0 fnt","|-damage|p2a: Latias|55/319|[from] item: Life Orb","|faint|p1a: Reuniclus","|","|choice|switch 3|","|","|switch|p1a: Beedrill|Beedrill-Mega, F|204/271 par","|turn|21","|choice|move poisonjab 1|move psyshock","|","|move|p2a: Latias|Psyshock|p1a: Beedrill","|-supereffective|p1a: Beedrill","|-damage|p1a: Beedrill|0 fnt","|-damage|p2a: Latias|24/319|[from] item: Life Orb","|faint|p1a: Beedrill","|","|choice|switch 6|","|","|switch|p1a: Toxicroak|Toxicroak, M|307/307","|turn|22","|choice|move drainpunch 1|move psyshock","|","|move|p2a: Latias|Psyshock|p1a: Toxicroak","|-supereffective|p1a: Toxicroak","|-damage|p1a: Toxicroak|0 fnt","|-damage|p2a: Latias|0 fnt|[from] item: Life Orb","|faint|p1a: Toxicroak","|faint|p2a: Latias","|","|win|XpRienzo ☑◡☑ - ⒹⓃⒹ"],"p1rating":1180.3395642724358,"p2rating":1229.461588279784,"endType":"normal"}