{"seed":[34646,44125,1330,25297],"turns":19,"p1":"BatterBotto","p2":"FlareonDriod","p1team":[{"name":"U.N. Oven Was Her","species":"rotomheat","item":"leftovers","ability":"Levitate","moves":["overheat","voltswitch","painsplit","thunderwave"],"nature":"Bold","evs":{"hp":248,"atk":0,"def":216,"spa":0,"spd":0,"spe":44},"ivs":{"hp":31,"atk":0,"def":31,"spa":31,"spd":31,"spe":31}},{"name":"D'Artagnan","species":"keldeoresolute","item":"choicespecs","ability":"Justified","moves":["hydropump","secretsword","scald","icywind"],"nature":"Timid","evs":{"hp":0,"atk":0,"def":0,"spa":252,"spd":4,"spe":252},"ivs":{"hp":31,"atk":0,"def":31,"spa":31,"spd":31,"spe":31}},{"name":"Diglett Sr.","species":"excadrill","item":"lifeorb","ability":"Sand Rush","moves":["earthquake","ironhead","rockslide","rapidspin"],"nature":"Adamant","evs":{"hp":0,"atk":252,"def":4,"spa":0,"spd":0,"spe":252},"gender":"M","ivs":{"hp":31,"atk":31,"def":31,"spa":31,"spd":31,"spe":31}},{"name":"Armor","species":"tyranitar","item":"smoothrock","ability":"Sand Stream","moves":["rockslide","icebeam","stealthrock","pursuit"],"nature":"Sassy","evs":{"hp":252,"atk":0,"def":0,"spa":4,"spd":252,"spe":0},"gender":"M","ivs":{"hp":31,"atk":31,"def":31,"spa":31,"spd":31,"spe":31}},{"name":"SNEK STAHP","species":"serperior","item":"expertbelt","ability":"Contrary","moves":["leafstorm","hiddenpowerfire","dragonpulse","knockoff"],"nature":"Timid","evs":{"hp":0,"atk":0,"def":0,"spa":252,"spd":4,"spe":252},"gender":"F","ivs":{"hp":31,"atk":30,"def":31,"spa":30,"spd":31,"spe":30}},{"name":"Waifumon","species":"gardevoir","item":"gardevoirite","ability":"Trace","moves":["hypervoice","psyshock","taunt","healingwish"],"nature":"Timid","evs":{"hp":16,"atk":0,"def":8,"spa":232,"spd":0,"spe":252},"gender":"F","ivs":{"hp":31,"atk":0,"def":31,"spa":31,"spd":31,"spe":31}}],"p2team":[{"name":"Beedrill","species":"Beedrill","item":"beedrillite","ability":"Swarm","moves":["uturn","poisonjab","drillrun","protect"],"nature":"Jolly","evs":{"hp":0,"atk":252,"def":0,"spa":0,"spd":4,"spe":252},"ivs":{"hp":31,"atk":31,"def":31,"spa":31,"spd":31,"spe":31}},{"name":"Whimsicott","species":"Whimsicott","item":"yacheberry","ability":"Prankster","moves":["gigadrain","moonblast","encore","uturn"],"nature":"Timid","evs":{"hp":0,"atk":0,"def":0,"spa":252,"spd":4,"spe":252},"ivs":{"hp":31,"atk":31,"def":31,"spa":31,"spd":31,"spe":31}},{"name":"Empoleon","species":"Empoleon","item":"leftovers","ability":"Torrent","moves":["scald","icebeam","stealthrock","defog"],"nature":"Calm","evs":{"hp":252,"atk":0,"def":0,"spa":4,"spd":252,"spe":0},"ivs":{"hp":31,"atk":0,"def":31,"spa":31,"spd":31,"spe":31}},{"name":"Reuniclus","species":"Reuniclus","item":"leftovers","ability":"Magic Guard","moves":["calmmind","psyshock","shadowball","recover"],"nature":"Bold","evs":{"hp":252,"atk":0,"def":252,"spa":4,"spd":0,"spe":0},"ivs":{"hp":31,"atk":0,"def":31,"spa":31,"spd":31,"spe":31}},{"name":"Toxicroak","species":"Toxicroak","item":"lifeorb","ability":"Dry Skin","moves":["swordsdance","gunkshot","drainpunch","suckerpunch"],"nature":"Jolly","evs":{"hp":0,"atk":252,"def":0,"spa":0,"spd":4,"spe":252},"ivs":{"hp":31,"atk":31,"def":31,"spa":31,"spd":31,"spe":31}},{"name":"Hydreigon","species":"Hydreigon","item":"choicescarf","ability":"Levitate","moves":["dracometeor","darkpulse","fireblast","uturn"],"nature":"Timid","evs":{"hp":0,"atk":0,"def":0,"spa":252,"spd":4,"spe":252},"ivs":{"hp":31,"atk":31,"def":31,"spa":31,"spd":31,"spe":31}}],"log":["|player|p1|BatterBotto|batterbotto.png","|player|p2|FlareonDriod|flareondriod.png","|gametype|singles","|gen|6","|tier|OU","|rated","|seed|34646,44125,1330,25297","|clearpoke","|poke|p1|Rotom-Heat|item","|poke|p1|Keldeo-Resolute|item","|poke|p1|Excadrill, M|item","|poke|p1|Tyranitar, M|item","|poke|p1|Serperior, F|item","|poke|p1|Gardevoir, F|item","|poke|p2|Beedrill, M|item","|poke|p2|Whimsicott, M|item","|poke|p2|Empoleon, F|item","|poke|p2|Reuniclus, F|item","|poke|p2|Toxicroak, M|item","|poke|p2|Hydreigon, M|item","|rule|Swagger Clause: Swagger is banned","|rule|Baton Pass Clause: Limit one Baton Passer, can't pass Spe and other stats simultaneously","|rule|Sleep Clause Mod: Limit one foe put to sleep","|rule|Species Clause: Limit one of each Pokémon","|rule|OHKO Clause: OHKO moves are banned","|rule|Moody Clause: Moody is banned","|rule|Evasion Moves Clause: Evasion moves are banned","|rule|Endless Battle Clause: Forcing endless battles is banned","|rule|HP Percentage Mod: HP is shown in percentages","|teampreview","|choice|team 5, team 1, team 2, team 3, team 4, team 6|team 4, team 1, team 2, team 3, team 5, team 6","|","|start","|switch|p1a: SNEK STAHP|Serperior, F|291/291","|switch|p2a: Reuniclus|Reuniclus, F|424/424","|turn|1","|choice|move leafstorm 1|switch 2","|","|switch|p2a: Beedrill|Beedrill, M|271/271","|move|p1a: SNEK STAHP|Leaf Storm|p2a: Beedrill","|-resisted|p2a: Beedrill","|-damage|p2a: Beedrill|226/271","|-boost|p1a: SNEK STAHP|spa|2","|","|turn|2","|choice|move hiddenpower 1|move uturn 1 mega","|","|detailschange|p2a: Beedrill|Beedrill-Mega, M","|-mega|p2a: Beedrill|Beedrill|Beedrillite","|move|p1a: SNEK STAHP|Hidden Power|p2a: Beedrill","|-supereffective|p2a: Beedrill","|-crit|p2a: Beedrill","|-damage|p2a: Beedrill|0 fnt","|faint|p2a: Beedrill","|","|choice||switch 5","|","|switch|p2a: Toxicroak|Toxicroak, M|307/307","|turn|3","|choice|move dragonpulse 1|move gunkshot 1","|","|move|p1a: SNEK STAHP|Dragon Pulse|p2a: Toxicroak","|-damage|p2a: Toxicroak|93/307","|move|p2a: Toxicroak|Gunk Shot|p1a: SNEK STAHP","|-supereffective|p1a: SNEK STAHP","|-damage|p1a: SNEK STAHP|0 fnt","|-damage|p2a: Toxicroak|63/307|[from] item: Life Orb","|faint|p1a: SNEK STAHP","|","|choice|switch 4|","|","|switch|p1a: Diglett Sr.|Excadrill, M|361/361","|turn|4","|choice|move ironhead 1|move drainpunch 1","|","|move|p2a: Toxicroak|Drain Punch|p1a: Diglett Sr.","|-supereffective|p1a: Diglett Sr.","|-damage|p1a: Diglett Sr.|0 fnt","|-heal|p2a: Toxicroak|244/307|[from] drain|[of] p1a: Diglett Sr.","|-damage|p2a: Toxicroak|214/307|[from] item: Life Orb","|faint|p1a: Diglett Sr.","|","|choice|switch 3|","|","|switch|p1a: D'Artagnan|Keldeo-Resolute|323/323","|turn|5","|choice|move scald 1|move gunkshot 1","|","|move|p1a: D'Artagnan|Scald|p2a: Toxicroak","|-heal|p2a: Toxicroak|290/307|[from] ability: Dry Skin|[of] p1a: D'Artagnan","|move|p2a: Toxicroak|Gunk Shot|p1a: D'Artagnan","|-damage|p1a: D'Artagnan|46/323","|-damage|p2a: Toxicroak|260/307|[from] item: Life Orb","|","|turn|6","|choice|switch 2|move drainpunch 1","|","|switch|p1a: U.N. Oven Was Her|Rotom-Heat|303/303","|move|p2a: Toxicroak|Drain Punch|p1a: U.N. Oven Was Her","|-damage|p1a: U.N. Oven Was Her|196/303","|-heal|p2a: Toxicroak|307/307|[from] drain|[of] p1a: U.N. Oven Was Her","|-damage|p2a: Toxicroak|277/307|[from] item: Life Orb","|","|-heal|p1a: U.N. Oven Was Her|214/303|[from] item: Leftovers","|turn|7","|choice|move thunderwave 1|move drainpunch 1","|","|move|p2a: Toxicroak|Drain Punch|p1a: U.N. Oven Was Her","|-damage|p1a: U.N. Oven Was Her|109/303","|-heal|p2a: Toxicroak|307/307|[from] drain|[of] p1a: U.N. Oven Was Her","|-damage|p2a: Toxicroak|277/307|[from] item: Life Orb","|move|p1a: U.N. Oven Was Her|Thunder Wave|p2a: Toxicroak","|-status|p2a: Toxicroak|par","|","|-heal|p1a: U.N. Oven Was Her|127/303|[from] item: Leftovers","|turn|8","|choice|move painsplit 1|move gunkshot 1","|","|move|p1a: U.N. Oven Was Her|Pain Split|p2a: Toxicroak","|-sethp|p2a: Toxicroak|202/307 par|p1a: U.N. Oven Was Her|202/303|[from] move: Pain Split","|move|p2a: Toxicroak|Gunk Shot|p1a: U.N. Oven Was Her","|-damage|p1a: U.N. Oven Was Her|27/303","|-status|p1a: U.N. Oven Was Her|psn","|-damage|p2a: Toxicroak|172/307 par|[from] item: Life Orb","|","|-heal|p1a: U.N. Oven Was Her|45/303 psn|[from] item: Leftovers","|-damage|p1a: U.N. Oven Was Her|8/303 psn|[from] psn","|turn|9","|choice|move overheat 1|move drainpunch 1","|","|move|p1a: U.N. Oven Was Her|Overheat|p2a: Toxicroak","|-damage|p2a: Toxicroak|0 fnt","|-unboost|p1a: U.N. Oven Was Her|spa|2","|faint|p2a: Toxicroak","|","|-heal|p1a: U.N. Oven Was Her|26/303 psn|[from] item: Leftovers","|-damage|p1a: U.N. Oven Was Her|0 fnt|[from] psn","|faint|p1a: U.N. Oven Was Her","|choice|switch 2|switch 2","|","|switch|p1a: D'Artagnan|Keldeo-Resolute|46/323","|switch|p2a: Reuniclus|Reuniclus, F|424/424","|turn|10","|choice|move scald 1|move shadowball 1","|","|move|p1a: D'Artagnan|Scald|p2a: Reuniclus","|-damage|p2a: Reuniclus|187/424","|move|p2a: Reuniclus|Shadow Ball|p1a: D'Artagnan","|-damage|p1a: D'Artagnan|0 fnt","|faint|p1a: D'Artagnan","|","|-heal|p2a: Reuniclus|213/424|[from] item: Leftovers","|choice|switch 5|","|","|switch|p1a: Armor|Tyranitar, M|404/404","|-weather|Sandstorm|[from] ability: Sand Stream|[of] p1a: Armor","|turn|11","|choice|move pursuit 1|switch 3","|","|-activate|p2a: Reuniclus|move: Pursuit","|move|p1a: Armor|Pursuit|p2a: Reuniclus|[from]Pursuit","|-supereffective|p2a: Reuniclus","|-damage|p2a: Reuniclus|3/424","|switch|p2a: Whimsicott|Whimsicott, M|261/261","|","|-weather|Sandstorm|[upkeep]","|-damage|p2a: Whimsicott|245/261|[from] sandstorm","|turn|12","|choice|switch 6|move encore 1","|","|switch|p1a: Waifumon|Gardevoir, F|281/281","|-ability|p1a: Waifumon|Prankster|[from] ability: Trace|[of] p2a: Whimsicott","|move|p2a: Whimsicott|Encore|p1a: Waifumon","|-fail|p1a: Waifumon","|","|-weather|Sandstorm|[upkeep]","|-damage|p2a: Whimsicott|229/261|[from] sandstorm","|-damage|p1a: Waifumon|264/281|[from] sandstorm","|turn|13","|choice|move taunt 1 mega|move gigadrain 1","|","|detailschange|p1a: Waifumon|Gardevoir-Mega, F","|-mega|p1a: Waifumon|Gardevoir|Gardevoirite","|move|p1a: Waifumon|Taunt|p2a: Whimsicott","|-start|p2a: Whimsicott|move: Taunt","|move|p2a: Whimsicott|Giga Drain|p1a: Waifumon","|-damage|p1a: Waifumon|192/281","|-heal|p2a: Whimsicott|261/261|[from] drain|[of] p1a: Waifumon","|","|-weather|Sandstorm|[upkeep]","|-damage|p2a: Whimsicott|245/261|[from] sandstorm","|-damage|p1a: Waifumon|175/281|[from] sandstorm","|turn|14","|choice|move psyshock 1|move gigadrain 1","|","|move|p2a: Whimsicott|Giga Drain|p1a: Waifumon","|-damage|p1a: Waifumon|106/281","|-heal|p2a: Whimsicott|261/261|[from] drain|[of] p1a: Waifumon","|move|p1a: Waifumon|Psyshock|p2a: Whimsicott","|-damage|p2a: Whimsicott|59/261","|","|-weather|Sandstorm|[upkeep]","|-damage|p2a: Whimsicott|43/261|[from] sandstorm","|-damage|p1a: Waifumon|89/281|[from] sandstorm","|turn|15","|choice|move psyshock 1|move gigadrain 1","|","|move|p2a: Whimsicott|Giga Drain|p1a: Waifumon","|-damage|p1a: Waifumon|13/281","|-heal|p2a: Whimsicott|81/261|[from] drain|[of] p1a: Waifumon","|move|p1a: Waifumon|Psyshock|p2a: Whimsicott","|-damage|p2a: Whimsicott|0 fnt","|faint|p2a: Whimsicott","|","|-weather|Sandstorm|[upkeep]","|-damage|p1a: Waifumon|0 fnt|[from] sandstorm","|faint|p1a: Waifumon","|choice|switch 6|switch 3","|","|switch|p1a: Armor|Tyranitar, M|404/404","|switch|p2a: Reuniclus|Reuniclus, F|3/424","|turn|16","|choice|move icebeam 1|switch 6","|","|switch|p2a: Hydreigon|Hydreigon, M|325/325","|move|p1a: Armor|Ice Beam|p2a: Hydreigon","|-supereffective|p2a: Hydreigon","|-damage|p2a: Hydreigon|171/325","|","|-weather|Sandstorm|[upkeep]","|-damage|p2a: Hydreigon|151/325|[from] sandstorm","|turn|17","|choice|move icebeam 1|move dracometeor 1","|","|move|p2a: Hydreigon|Draco Meteor|p1a: Armor","|-damage|p1a: Armor|292/404","|-unboost|p2a: Hydreigon|spa|2","|move|p1a: Armor|Ice Beam|p2a: Hydreigon","|-supereffective|p2a: Hydreigon","|-damage|p2a: Hydreigon|11/325","|","|-weather|Sandstorm|[upkeep]","|-damage|p2a: Hydreigon|0 fnt|[from] sandstorm","|faint|p2a: Hydreigon","|choice||switch 4","|","|switch|p2a: Empoleon|Empoleon, F|372/372","|turn|18","|choice|move rockslide|move scald 1","|","|move|p2a: Empoleon|Scald|p1a: Armor","|-supereffective|p1a: Armor","|-damage|p1a: Armor|188/404","|move|p1a: Armor|Rock Slide|p2a: Empoleon","|-resisted|p2a: Empoleon","|-damage|p2a: Empoleon|308/372","|","|-weather|none","|-heal|p2a: Empoleon|331/372|[from] item: Leftovers","|turn|19","|choice|move icebeam 1|move scald 1","|","|move|p2a: Empoleon|Scald|p1a: Armor","|-supereffective|p1a: Armor","|-damage|p1a: Armor|44/404","|-status|p1a: Armor|brn","|move|p1a: Armor|Ice Beam|p2a: Empoleon","|-resisted|p2a: Empoleon","|-damage|p2a: Empoleon|319/372","|","|-heal|p2a: Empoleon|342/372|[from] item: Leftovers","|-damage|p1a: Armor|0 fnt|[from] brn","|faint|p1a: Armor","|","|win|FlareonDriod"],"p1rating":1167.55165212112,"p2rating":1229.6282949217302,"endType":"normal"}