{"seed":[15113,36595,31857,53315],"turns":42,"p1":"FlareonDriod","p2":"BatterBotto","p1team":[{"name":"Pinky","species":"weavile","item":"lifeorb","ability":"Pressure","moves":["knockoff","iciclecrash","iceshard","pursuit"],"nature":"Jolly","evs":{"hp":0,"atk":252,"def":4,"spa":0,"spd":0,"spe":252},"gender":"F","shiny":true,"ivs":{"hp":31,"atk":31,"def":31,"spa":31,"spd":31,"spe":31}},{"name":"Dog","species":"manectric","item":"manectite","ability":"Lightning Rod","moves":["voltswitch","thunderbolt","overheat","hiddenpowerice"],"nature":"Timid","evs":{"hp":0,"atk":0,"def":4,"spa":252,"spd":0,"spe":252},"gender":"F","ivs":{"hp":31,"atk":30,"def":30,"spa":31,"spd":31,"spe":31},"shiny":true},{"name":"Fatty","species":"azumarill","item":"choicescarf","ability":"Huge Power","moves":["playrough","aquajet","waterfall","superpower"],"nature":"Adamant","evs":{"hp":4,"atk":252,"def":0,"spa":0,"spd":0,"spe":252},"gender":"F","shiny":true,"ivs":{"hp":31,"atk":31,"def":31,"spa":31,"spd":31,"spe":31}},{"name":"Bird","species":"talonflame","item":"lifeorb","ability":"Gale Wings","moves":["bravebird","flareblitz","roost","willowisp"],"nature":"Adamant","evs":{"hp":252,"atk":252,"def":0,"spa":0,"spd":4,"spe":0},"shiny":true,"ivs":{"hp":31,"atk":31,"def":31,"spa":31,"spd":31,"spe":31}},{"name":"Super Fatty","species":"chansey","item":"eviolite","ability":"Natural Cure","moves":["healbell","wish","seismictoss","thunderwave"],"nature":"Bold","evs":{"hp":248,"atk":0,"def":8,"spa":0,"spd":252,"spe":0},"ivs":{"hp":31,"atk":31,"def":31,"spa":31,"spd":31,"spe":31}},{"name":"Horned","species":"excadrill","item":"lifeorb","ability":"Mold Breaker","moves":["earthquake","rockslide","stealthrock","rapidspin"],"nature":"Adamant","evs":{"hp":0,"atk":252,"def":0,"spa":0,"spd":4,"spe":252},"gender":"M","shiny":true,"ivs":{"hp":31,"atk":31,"def":31,"spa":31,"spd":31,"spe":31}}],"p2team":[{"name":"Seismitoad","species":"Seismitoad","item":"leftovers","ability":"Water Absorb","moves":["stealthrock","scald","earthpower","toxic"],"nature":"Bold","evs":{"hp":248,"atk":0,"def":240,"spa":0,"spd":20,"spe":0},"gender":"M","ivs":{"hp":31,"atk":0,"def":31,"spa":31,"spd":31,"spe":31}},{"name":"Skarmory","species":"Skarmory","item":"rockyhelmet","ability":"Sturdy","moves":["spikes","ironhead","roost","whirlwind"],"nature":"Impish","evs":{"hp":248,"atk":0,"def":0,"spa":0,"spd":236,"spe":24},"gender":"F","ivs":{"hp":31,"atk":31,"def":31,"spa":31,"spd":31,"spe":31}},{"name":"Clefable","species":"Clefable","item":"leftovers","ability":"Magic Guard","moves":["calmmind","moonblast","flamethrower","softboiled"],"nature":"Calm","evs":{"hp":252,"atk":0,"def":160,"spa":0,"spd":96,"spe":0},"gender":"F","ivs":{"hp":31,"atk":0,"def":31,"spa":31,"spd":31,"spe":31}},{"name":"Tyranitar","species":"Tyranitar","item":"choiceband","ability":"Sand Stream","moves":["pursuit","stoneedge","crunch","icepunch"],"nature":"Adamant","evs":{"hp":56,"atk":252,"def":4,"spa":0,"spd":0,"spe":196},"gender":"M","ivs":{"hp":31,"atk":31,"def":31,"spa":31,"spd":31,"spe":31}},{"name":"Gengar","species":"Gengar","item":"choicescarf","ability":"Levitate","moves":["shadowball","sludgewave","focusblast","trick"],"nature":"Timid","evs":{"hp":0,"atk":0,"def":0,"spa":252,"spd":4,"spe":252},"gender":"M","ivs":{"hp":31,"atk":0,"def":31,"spa":31,"spd":31,"spe":31},"shiny":true},{"name":"Latias","species":"Latias","item":"latiasite","ability":"Levitate","moves":["thunderbolt","icebeam","roost","thunderwave"],"nature":"Timid","evs":{"hp":248,"atk":0,"def":32,"spa":12,"spd":0,"spe":216},"ivs":{"hp":31,"atk":0,"def":31,"spa":31,"spd":31,"spe":31}}],"log":["|player|p1|FlareonDriod|flareondriod.png","|player|p2|BatterBotto|batterbotto.png","|gametype|singles","|gen|6","|tier|OU","|rated","|seed|15113,36595,31857,53315","|clearpoke","|poke|p1|Weavile, F, shiny|item","|poke|p1|Manectric, F, shiny|item","|poke|p1|Azumarill, F, shiny|item","|poke|p1|Talonflame, F, shiny|item","|poke|p1|Chansey, F|item","|poke|p1|Excadrill, M, shiny|item","|poke|p2|Seismitoad, M|item","|poke|p2|Skarmory, F|item","|poke|p2|Clefable, F|item","|poke|p2|Tyranitar, M|item","|poke|p2|Gengar, M, shiny|item","|poke|p2|Latias, F|item","|rule|Swagger Clause: Swagger is banned","|rule|Baton Pass Clause: Limit one Baton Passer, can't pass Spe and other stats simultaneously","|rule|Sleep Clause Mod: Limit one foe put to sleep","|rule|Species Clause: Limit one of each Pokémon","|rule|OHKO Clause: OHKO moves are banned","|rule|Moody Clause: Moody is banned","|rule|Evasion Moves Clause: Evasion moves are banned","|rule|Endless Battle Clause: Forcing endless battles is banned","|rule|HP Percentage Mod: HP is shown in percentages","|teampreview","|choice|team 6, team 1, team 2, team 3, team 4, team 5|team 2, team 1, team 3, team 4, team 5, team 6","|","|start","|switch|p1a: Horned|Excadrill, M, shiny|361/361","|switch|p2a: Skarmory|Skarmory, F|333/333","|-ability|p1a: Horned|Mold Breaker","|turn|1","|choice|move rockslide|move ironhead 1","|","|move|p1a: Horned|Rock Slide|p2a: Skarmory","|-damage|p2a: Skarmory|237/333","|-damage|p1a: Horned|325/361|[from] item: Life Orb","|move|p2a: Skarmory|Iron Head|p1a: Horned","|-resisted|p1a: Horned","|-damage|p1a: Horned|265/361","|","|turn|2","|choice|move rockslide|move roost","|","|move|p1a: Horned|Rock Slide|p2a: Skarmory","|-damage|p2a: Skarmory|146/333","|-damage|p1a: Horned|229/361|[from] item: Life Orb","|cant|p2a: Skarmory|flinch","|","|turn|3","|choice|move rockslide|move ironhead 1","|","|move|p1a: Horned|Rock Slide|p2a: Skarmory","|-damage|p2a: Skarmory|58/333","|-damage|p1a: Horned|193/361|[from] item: Life Orb","|cant|p2a: Skarmory|flinch","|","|turn|4","|choice|move rockslide|move ironhead 1","|","|move|p1a: Horned|Rock Slide|p2a: Skarmory|[miss]","|-miss|p1a: Horned|p2a: Skarmory","|move|p2a: Skarmory|Iron Head|p1a: Horned","|-resisted|p1a: Horned","|-damage|p1a: Horned|133/361","|","|turn|5","|choice|move rockslide|move spikes","|","|move|p1a: Horned|Rock Slide|p2a: Skarmory","|-damage|p2a: Skarmory|0 fnt","|-damage|p1a: Horned|97/361|[from] item: Life Orb","|faint|p2a: Skarmory","|","|choice||switch 2","|","|switch|p2a: Seismitoad|Seismitoad, M|413/413","|turn|6","|choice|move earthquake|move scald 1","|","|move|p1a: Horned|Earthquake|p2a: Seismitoad","|-damage|p2a: Seismitoad|175/413","|-damage|p1a: Horned|61/361|[from] item: Life Orb","|move|p2a: Seismitoad|Scald|p1a: Horned","|-supereffective|p1a: Horned","|-damage|p1a: Horned|0 fnt","|faint|p1a: Horned","|","|-heal|p2a: Seismitoad|200/413|[from] item: Leftovers","|choice|switch 4|","|","|switch|p1a: Fatty|Azumarill, F, shiny|342/342","|turn|7","|choice|move playrough 1|switch 5","|","|switch|p2a: Gengar|Gengar, M, shiny|261/261","|move|p1a: Fatty|Play Rough|p2a: Gengar","|-resisted|p2a: Gengar","|-damage|p2a: Gengar|124/261","|","|turn|8","|choice|move playrough 1|move sludgewave","|","|move|p2a: Gengar|Sludge Wave|p1a: Fatty","|-supereffective|p1a: Fatty","|-damage|p1a: Fatty|0 fnt","|faint|p1a: Fatty","|","|choice|switch 6|","|","|switch|p1a: Super Fatty|Chansey, F|703/703","|turn|9","|choice|move wish|move sludgewave","|","|move|p2a: Gengar|Sludge Wave|p1a: Super Fatty","|-damage|p1a: Super Fatty|619/703","|move|p1a: Super Fatty|Wish|p1a: Super Fatty","|","|turn|10","|choice|move thunderwave 1|move sludgewave","|","|move|p2a: Gengar|Sludge Wave|p1a: Super Fatty","|-damage|p1a: Super Fatty|531/703","|move|p1a: Super Fatty|Thunder Wave|p2a: Gengar","|-status|p2a: Gengar|par","|","|-heal|p1a: Super Fatty|703/703|[from] move: Wish|[wisher] Super Fatty","|turn|11","|choice|move wish|move sludgewave","|","|move|p1a: Super Fatty|Wish|p1a: Super Fatty","|move|p2a: Gengar|Sludge Wave|p1a: Super Fatty","|-damage|p1a: Super Fatty|618/703","|","|turn|12","|choice|switch 2|move sludgewave","|","|switch|p1a: Pinky|Weavile, F, shiny|281/281","|-ability|p1a: Pinky|Pressure","|cant|p2a: Gengar|par","|","|turn|13","|choice|move iciclecrash 1|move sludgewave","|","|move|p1a: Pinky|Icicle Crash|p2a: Gengar","|-damage|p2a: Gengar|0 fnt","|-damage|p1a: Pinky|253/281|[from] item: Life Orb","|faint|p2a: Gengar","|","|choice||switch 4","|","|switch|p2a: Tyranitar|Tyranitar, M|355/355","|-weather|Sandstorm|[from] ability: Sand Stream|[of] p2a: Tyranitar","|turn|14","|choice|move iciclecrash 1|move stoneedge 1","|","|move|p1a: Pinky|Icicle Crash|p2a: Tyranitar","|-damage|p2a: Tyranitar|198/355","|-damage|p1a: Pinky|225/281|[from] item: Life Orb","|move|p2a: Tyranitar|Stone Edge|p1a: Pinky","|-supereffective|p1a: Pinky","|-damage|p1a: Pinky|0 fnt","|faint|p1a: Pinky","|","|-weather|Sandstorm|[upkeep]","|choice|switch 3|","|","|switch|p1a: Dog|Manectric, F, shiny|281/281","|turn|15","|choice|move thunderbolt 1 mega|move stoneedge 1","|","|detailschange|p1a: Dog|Manectric-Mega, F, shiny","|-mega|p1a: Dog|Manectric|Manectite","|-ability|p1a: Dog|Intimidate|boost","|-unboost|p2a: Tyranitar|atk|1","|move|p1a: Dog|Thunderbolt|p2a: Tyranitar","|-damage|p2a: Tyranitar|95/355","|move|p2a: Tyranitar|Stone Edge|p1a: Dog","|-damage|p1a: Dog|47/281","|","|-weather|Sandstorm|[upkeep]","|-damage|p1a: Dog|30/281|[from] sandstorm","|turn|16","|choice|move thunderbolt 1|move stoneedge 1","|","|move|p1a: Dog|Thunderbolt|p2a: Tyranitar","|-damage|p2a: Tyranitar|0 fnt","|faint|p2a: Tyranitar","|","|-weather|Sandstorm|[upkeep]","|-damage|p1a: Dog|13/281|[from] sandstorm","|choice||switch 5","|","|switch|p2a: Seismitoad|Seismitoad, M|200/413","|turn|17","|choice|move hiddenpower 1|move scald 1","|","|move|p1a: Dog|Hidden Power|p2a: Seismitoad","|-damage|p2a: Seismitoad|108/413","|move|p2a: Seismitoad|Scald|p1a: Dog","|-damage|p1a: Dog|0 fnt","|faint|p1a: Dog","|","|-weather|Sandstorm|[upkeep]","|-heal|p2a: Seismitoad|133/413|[from] item: Leftovers","|choice|switch 5|","|","|switch|p1a: Bird|Talonflame, F, shiny|360/360","|turn|18","|choice|move flareblitz 1|move scald 1","|","|move|p1a: Bird|Flare Blitz|p2a: Seismitoad","|-resisted|p2a: Seismitoad","|-damage|p2a: Seismitoad|41/413","|-status|p2a: Seismitoad|brn","|-damage|p1a: Bird|330/360|[from] recoil|[of] p2a: Seismitoad","|-damage|p1a: Bird|294/360|[from] item: Life Orb","|move|p2a: Seismitoad|Scald|p1a: Bird","|-supereffective|p1a: Bird","|-damage|p1a: Bird|90/360","|","|-weather|none","|-heal|p2a: Seismitoad|66/413 brn|[from] item: Leftovers","|-damage|p2a: Seismitoad|15/413 brn|[from] brn","|turn|19","|choice|move bravebird 1|move scald 1","|","|move|p1a: Bird|Brave Bird|p2a: Seismitoad","|-damage|p2a: Seismitoad|0 fnt","|-damage|p1a: Bird|85/360|[from] recoil|[of] p2a: Seismitoad","|-damage|p1a: Bird|49/360|[from] item: Life Orb","|faint|p2a: Seismitoad","|","|choice||switch 6","|","|switch|p2a: Latias|Latias, F|363/363","|turn|20","|choice|move bravebird 1|move icebeam 1 mega","|","|detailschange|p2a: Latias|Latias-Mega, F","|-mega|p2a: Latias|Latias|Latiasite","|move|p1a: Bird|Brave Bird|p2a: Latias","|-damage|p2a: Latias|186/363","|-damage|p1a: Bird|0 fnt|[from] recoil|[of] p2a: Latias","|faint|p1a: Bird","|move|p2a: Latias|Ice Beam|p1: Bird|[notarget]","|-notarget","|","|choice|switch 2|","|","|switch|p1a: Super Fatty|Chansey, F|618/703","|turn|21","|choice|move seismictoss 1|switch 3","|","|switch|p2a: Clefable|Clefable, F|394/394","|move|p1a: Super Fatty|Seismic Toss|p2a: Clefable","|-damage|p2a: Clefable|294/394","|","|-heal|p2a: Clefable|318/394|[from] item: Leftovers","|turn|22","|choice|move seismictoss 1|move calmmind","|","|move|p2a: Clefable|Calm Mind|p2a: Clefable","|-boost|p2a: Clefable|spa|1","|-boost|p2a: Clefable|spd|1","|move|p1a: Super Fatty|Seismic Toss|p2a: Clefable","|-damage|p2a: Clefable|218/394","|","|-heal|p2a: Clefable|242/394|[from] item: Leftovers","|turn|23","|choice|move thunderwave 1|move moonblast 1","|","|move|p2a: Clefable|Moonblast|p1a: Super Fatty","|-damage|p1a: Super Fatty|539/703","|-unboost|p1a: Super Fatty|spa|1","|move|p1a: Super Fatty|Thunder Wave|p2a: Clefable","|-status|p2a: Clefable|par","|","|-heal|p2a: Clefable|266/394 par|[from] item: Leftovers","|turn|24","|choice|move wish|move moonblast 1","|","|move|p1a: Super Fatty|Wish|p1a: Super Fatty","|cant|p2a: Clefable|par","|","|-heal|p2a: Clefable|290/394 par|[from] item: Leftovers","|turn|25","|choice|move seismictoss 1|move softboiled","|","|move|p1a: Super Fatty|Seismic Toss|p2a: Clefable","|-damage|p2a: Clefable|190/394 par","|move|p2a: Clefable|Soft-Boiled|p2a: Clefable","|-heal|p2a: Clefable|387/394 par","|","|-heal|p1a: Super Fatty|703/703|[from] move: Wish|[wisher] Super Fatty","|-heal|p2a: Clefable|394/394 par|[from] item: Leftovers","|turn|26","|choice|move wish|move flamethrower 1","|","|move|p1a: Super Fatty|Wish|p1a: Super Fatty","|move|p2a: Clefable|Flamethrower|p1a: Super Fatty","|-damage|p1a: Super Fatty|649/703","|","|turn|27","|choice|move seismictoss 1|move flamethrower 1","|","|move|p1a: Super Fatty|Seismic Toss|p2a: Clefable","|-damage|p2a: Clefable|294/394 par","|move|p2a: Clefable|Flamethrower|p1a: Super Fatty","|-damage|p1a: Super Fatty|595/703","|","|-heal|p1a: Super Fatty|703/703|[from] move: Wish|[wisher] Super Fatty","|-heal|p2a: Clefable|318/394 par|[from] item: Leftovers","|turn|28","|choice|move wish|move softboiled","|","|move|p1a: Super Fatty|Wish|p1a: Super Fatty","|move|p2a: Clefable|Soft-Boiled|p2a: Clefable","|-heal|p2a: Clefable|394/394 par","|","|turn|29","|choice|move seismictoss 1|move moonblast 1","|","|move|p1a: Super Fatty|Seismic Toss|p2a: Clefable","|-damage|p2a: Clefable|294/394 par","|move|p2a: Clefable|Moonblast|p1a: Super Fatty","|-damage|p1a: Super Fatty|622/703","|","|-heal|p1a: Super Fatty|703/703|[from] move: Wish|[wisher] Super Fatty","|-heal|p2a: Clefable|318/394 par|[from] item: Leftovers","|turn|30","|choice|move wish|move softboiled","|","|move|p1a: Super Fatty|Wish|p1a: Super Fatty","|move|p2a: Clefable|Soft-Boiled|p2a: Clefable","|-heal|p2a: Clefable|394/394 par","|","|turn|31","|choice|move seismictoss 1|move flamethrower 1","|","|move|p1a: Super Fatty|Seismic Toss|p2a: Clefable","|-damage|p2a: Clefable|294/394 par","|move|p2a: Clefable|Flamethrower|p1a: Super Fatty","|-damage|p1a: Super Fatty|653/703","|","|-heal|p1a: Super Fatty|703/703|[from] move: Wish|[wisher] Super Fatty","|-heal|p2a: Clefable|318/394 par|[from] item: Leftovers","|turn|32","|choice|move seismictoss 1|move moonblast 1","|","|move|p1a: Super Fatty|Seismic Toss|p2a: Clefable","|-damage|p2a: Clefable|218/394 par","|move|p2a: Clefable|Moonblast|p1a: Super Fatty","|-damage|p1a: Super Fatty|618/703","|-unboost|p1a: Super Fatty|spa|1","|","|-heal|p2a: Clefable|242/394 par|[from] item: Leftovers","|turn|33","|choice|move wish|move moonblast 1","|","|move|p1a: Super Fatty|Wish|p1a: Super Fatty","|move|p2a: Clefable|Moonblast|p1a: Super Fatty","|-damage|p1a: Super Fatty|534/703","|","|-heal|p2a: Clefable|266/394 par|[from] item: Leftovers","|turn|34","|choice|move seismictoss 1|move softboiled","|","|move|p1a: Super Fatty|Seismic Toss|p2a: Clefable","|-damage|p2a: Clefable|166/394 par","|move|p2a: Clefable|Soft-Boiled|p2a: Clefable","|-heal|p2a: Clefable|363/394 par","|","|-heal|p1a: Super Fatty|703/703|[from] move: Wish|[wisher] Super Fatty","|-heal|p2a: Clefable|387/394 par|[from] item: Leftovers","|turn|35","|choice|move wish|move calmmind","|","|move|p1a: Super Fatty|Wish|p1a: Super Fatty","|move|p2a: Clefable|Calm Mind|p2a: Clefable","|-boost|p2a: Clefable|spa|1","|-boost|p2a: Clefable|spd|1","|","|-heal|p2a: Clefable|394/394 par|[from] item: Leftovers","|turn|36","|choice|move seismictoss 1|move calmmind","|","|move|p1a: Super Fatty|Seismic Toss|p2a: Clefable","|-damage|p2a: Clefable|294/394 par","|move|p2a: Clefable|Calm Mind|p2a: Clefable","|-boost|p2a: Clefable|spa|1","|-boost|p2a: Clefable|spd|1","|","|-heal|p2a: Clefable|318/394 par|[from] item: Leftovers","|turn|37","|choice|move seismictoss 1|move moonblast 1","|","|move|p1a: Super Fatty|Seismic Toss|p2a: Clefable","|-damage|p2a: Clefable|218/394 par","|move|p2a: Clefable|Moonblast|p1a: Super Fatty","|-damage|p1a: Super Fatty|565/703","|","|-heal|p2a: Clefable|242/394 par|[from] item: Leftovers","|turn|38","|choice|move seismictoss 1|move flamethrower 1","|","|move|p1a: Super Fatty|Seismic Toss|p2a: Clefable","|-damage|p2a: Clefable|142/394 par","|move|p2a: Clefable|Flamethrower|p1a: Super Fatty","|-damage|p1a: Super Fatty|479/703","|-status|p1a: Super Fatty|brn","|","|-heal|p2a: Clefable|166/394 par|[from] item: Leftovers","|-damage|p1a: Super Fatty|392/703 brn|[from] brn","|turn|39","|choice|move seismictoss 1|move moonblast 1","|","|move|p1a: Super Fatty|Seismic Toss|p2a: Clefable","|-damage|p2a: Clefable|66/394 par","|cant|p2a: Clefable|par","|","|-heal|p2a: Clefable|90/394 par|[from] item: Leftovers","|-damage|p1a: Super Fatty|305/703 brn|[from] brn","|turn|40","|choice|move seismictoss 1|move flamethrower 1","|","|move|p1a: Super Fatty|Seismic Toss|p2a: Clefable","|-damage|p2a: Clefable|0 fnt","|faint|p2a: Clefable","|","|-damage|p1a: Super Fatty|218/703 brn|[from] brn","|choice||switch 3","|","|switch|p2a: Latias|Latias-Mega, F|186/363","|turn|41","|choice|move seismictoss 1|move thunderbolt 1","|","|move|p2a: Latias|Thunderbolt|p1a: Super Fatty","|-damage|p1a: Super Fatty|172/703 brn","|move|p1a: Super Fatty|Seismic Toss|p2a: Latias","|-damage|p2a: Latias|86/363","|","|-damage|p1a: Super Fatty|85/703 brn|[from] brn","|turn|42","|choice|move seismictoss 1|move icebeam 1","|","|move|p2a: Latias|Ice Beam|p1a: Super Fatty","|-damage|p1a: Super Fatty|36/703 brn","|move|p1a: Super Fatty|Seismic Toss|p2a: Latias","|-damage|p2a: Latias|0 fnt","|faint|p2a: Latias","|","|win|FlareonDriod"],"p1rating":1106.0157315347526,"p2rating":1196.8636606008827,"endType":"normal"}