{"seed":[47775,4294,36191,620],"turns":67,"p1":"FlareonDriod","p2":"lemayju77","p1team":[{"name":"Pinky","species":"weavile","item":"lifeorb","ability":"Pressure","moves":["knockoff","iciclecrash","iceshard","pursuit"],"nature":"Jolly","evs":{"hp":0,"atk":252,"def":4,"spa":0,"spd":0,"spe":252},"gender":"F","shiny":true,"ivs":{"hp":31,"atk":31,"def":31,"spa":31,"spd":31,"spe":31}},{"name":"Dog","species":"manectric","item":"manectite","ability":"Lightning Rod","moves":["voltswitch","thunderbolt","overheat","hiddenpowerice"],"nature":"Timid","evs":{"hp":0,"atk":0,"def":4,"spa":252,"spd":0,"spe":252},"gender":"F","ivs":{"hp":31,"atk":30,"def":30,"spa":31,"spd":31,"spe":31},"shiny":true},{"name":"Fatty","species":"azumarill","item":"choicescarf","ability":"Huge Power","moves":["playrough","aquajet","waterfall","superpower"],"nature":"Adamant","evs":{"hp":4,"atk":252,"def":0,"spa":0,"spd":0,"spe":252},"gender":"F","shiny":true,"ivs":{"hp":31,"atk":31,"def":31,"spa":31,"spd":31,"spe":31}},{"name":"Bird","species":"talonflame","item":"lifeorb","ability":"Gale Wings","moves":["bravebird","flareblitz","roost","willowisp"],"nature":"Adamant","evs":{"hp":252,"atk":252,"def":0,"spa":0,"spd":4,"spe":0},"shiny":true,"ivs":{"hp":31,"atk":31,"def":31,"spa":31,"spd":31,"spe":31}},{"name":"Super Fatty","species":"chansey","item":"eviolite","ability":"Natural Cure","moves":["healbell","wish","seismictoss","thunderwave"],"nature":"Bold","evs":{"hp":248,"atk":0,"def":8,"spa":0,"spd":252,"spe":0},"ivs":{"hp":31,"atk":31,"def":31,"spa":31,"spd":31,"spe":31}},{"name":"Horned","species":"excadrill","item":"lifeorb","ability":"Mold Breaker","moves":["earthquake","rockslide","stealthrock","rapidspin"],"nature":"Adamant","evs":{"hp":0,"atk":252,"def":0,"spa":0,"spd":4,"spe":252},"gender":"M","shiny":true,"ivs":{"hp":31,"atk":31,"def":31,"spa":31,"spd":31,"spe":31}}],"p2team":[{"name":"Seismitoad","species":"Seismitoad","item":"leftovers","ability":"Water Absorb","moves":["stealthrock","scald","earthpower","sludgebomb"],"nature":"Bold","evs":{"hp":252,"atk":0,"def":244,"spa":0,"spd":0,"spe":12},"ivs":{"hp":31,"atk":31,"def":31,"spa":31,"spd":31,"spe":31}},{"name":"Scizor","species":"Scizor","item":"scizorite","ability":"Light Metal","moves":["swordsdance","bulletpunch","roost","uturn"],"nature":"Adamant","evs":{"hp":0,"atk":252,"def":0,"spa":0,"spd":4,"spe":252},"ivs":{"hp":31,"atk":31,"def":31,"spa":31,"spd":31,"spe":31}},{"name":"Latios","species":"Latios","item":"lifeorb","ability":"Levitate","moves":["dracometeor","psyshock","roost","defog"],"nature":"Timid","evs":{"hp":0,"atk":0,"def":4,"spa":252,"spd":0,"spe":252},"ivs":{"hp":31,"atk":31,"def":31,"spa":31,"spd":31,"spe":31}},{"name":"Zapdos","species":"Zapdos","item":"leftovers","ability":"Pressure","moves":["voltswitch","roost","heatwave"],"nature":"Bold","evs":{"hp":252,"atk":0,"def":168,"spa":68,"spd":0,"spe":20},"ivs":{"hp":31,"atk":31,"def":31,"spa":31,"spd":31,"spe":31}},{"name":"Weavile","species":"Weavile","item":"choiceband","ability":"Pressure","moves":["iciclecrash","knockoff","iceshard","pursuit"],"nature":"Jolly","evs":{"hp":0,"atk":252,"def":4,"spa":0,"spd":0,"spe":252},"ivs":{"hp":31,"atk":31,"def":31,"spa":31,"spd":31,"spe":31}},{"name":"Terrakion","species":"Terrakion","item":"choicescarf","ability":"Justified","moves":["closecombat","stoneedge","quickattack","ironhead"],"nature":"Jolly","evs":{"hp":0,"atk":252,"def":0,"spa":0,"spd":4,"spe":252},"ivs":{"hp":31,"atk":31,"def":31,"spa":31,"spd":31,"spe":31}}],"log":["|player|p1|FlareonDriod|flareondriod.png","|player|p2|lemayju77|250","|gametype|singles","|gen|6","|tier|OU","|rated","|seed|47775,4294,36191,620","|clearpoke","|poke|p1|Weavile, F, shiny|item","|poke|p1|Manectric, F, shiny|item","|poke|p1|Azumarill, F, shiny|item","|poke|p1|Talonflame, F, shiny|item","|poke|p1|Chansey, F|item","|poke|p1|Excadrill, M, shiny|item","|poke|p2|Seismitoad, F|item","|poke|p2|Scizor, M|item","|poke|p2|Latios, M|item","|poke|p2|Zapdos|item","|poke|p2|Weavile, M|item","|poke|p2|Terrakion|item","|rule|Swagger Clause: Swagger is banned","|rule|Baton Pass Clause: Limit one Baton Passer, can't pass Spe and other stats simultaneously","|rule|Sleep Clause Mod: Limit one foe put to sleep","|rule|Species Clause: Limit one of each Pokémon","|rule|OHKO Clause: OHKO moves are banned","|rule|Moody Clause: Moody is banned","|rule|Evasion Moves Clause: Evasion moves are banned","|rule|Endless Battle Clause: Forcing endless battles is banned","|rule|HP Percentage Mod: HP is shown in percentages","|teampreview","|choice|team 5, team 1, team 2, team 3, team 4, team 6|team 5, team 2, team 3, team 4, team 1, team 6","|","|start","|switch|p1a: Super Fatty|Chansey, F|703/703","|switch|p2a: Weavile|Weavile, M|281/281","|-ability|p2a: Weavile|Pressure","|turn|1","|choice|switch 4|move iciclecrash","|","|switch|p1a: Fatty|Azumarill, F, shiny|342/342","|move|p2a: Weavile|Icicle Crash|p1a: Fatty","|-resisted|p1a: Fatty","|-damage|p1a: Fatty|205/342","|","|turn|2","|choice|move playrough 1|move iciclecrash","|","|move|p2a: Weavile|Icicle Crash|p1a: Fatty","|-resisted|p1a: Fatty","|-damage|p1a: Fatty|79/342","|move|p1a: Fatty|Play Rough|p2a: Weavile","|-supereffective|p2a: Weavile","|-damage|p2a: Weavile|0 fnt","|faint|p2a: Weavile","|","|choice||switch 5","|","|switch|p2a: Seismitoad|Seismitoad, F|414/414","|turn|3","|choice|move playrough 1|move scald","|","|move|p1a: Fatty|Play Rough|p2a: Seismitoad","|-damage|p2a: Seismitoad|237/414","|move|p2a: Seismitoad|Scald|p1a: Fatty","|-resisted|p1a: Fatty","|-damage|p1a: Fatty|34/342","|","|-heal|p2a: Seismitoad|262/414|[from] item: Leftovers","|turn|4","|choice|move playrough 1|move stealthrock","|","|move|p1a: Fatty|Play Rough|p2a: Seismitoad|[miss]","|-miss|p1a: Fatty|p2a: Seismitoad","|move|p2a: Seismitoad|Stealth Rock|p1a: Fatty","|-sidestart|p1: FlareonDriod|move: Stealth Rock","|","|-heal|p2a: Seismitoad|287/414|[from] item: Leftovers","|turn|5","|choice|move playrough 1|move scald","|","|move|p1a: Fatty|Play Rough|p2a: Seismitoad","|-damage|p2a: Seismitoad|118/414","|move|p2a: Seismitoad|Scald|p1a: Fatty","|-resisted|p1a: Fatty","|-damage|p1a: Fatty|0 fnt","|faint|p1a: Fatty","|","|-heal|p2a: Seismitoad|143/414|[from] item: Leftovers","|choice|switch 2|","|","|switch|p1a: Pinky|Weavile, F, shiny|281/281","|-damage|p1a: Pinky|211/281|[from] Stealth Rock","|-ability|p1a: Pinky|Pressure","|turn|6","|choice|move iceshard 1|move sludgebomb","|","|move|p1a: Pinky|Ice Shard|p2a: Seismitoad","|-damage|p2a: Seismitoad|64/414","|-damage|p1a: Pinky|183/281|[from] item: Life Orb","|move|p2a: Seismitoad|Sludge Bomb|p1a: Pinky","|-damage|p1a: Pinky|112/281","|","|-heal|p2a: Seismitoad|89/414|[from] item: Leftovers","|turn|7","|choice|move pursuit 1|move sludgebomb","|","|move|p1a: Pinky|Pursuit|p2a: Seismitoad","|-damage|p2a: Seismitoad|11/414","|-damage|p1a: Pinky|84/281|[from] item: Life Orb","|move|p2a: Seismitoad|Sludge Bomb|p1a: Pinky","|-damage|p1a: Pinky|7/281","|","|-heal|p2a: Seismitoad|36/414|[from] item: Leftovers","|turn|8","|choice|move iciclecrash 1|move earthpower","|","|move|p1a: Pinky|Icicle Crash|p2a: Seismitoad","|-damage|p2a: Seismitoad|0 fnt","|-damage|p1a: Pinky|0 fnt|[from] item: Life Orb","|faint|p2a: Seismitoad","|faint|p1a: Pinky","|","|choice|switch 3|switch 6","|","|switch|p2a: Terrakion|Terrakion|323/323","|switch|p1a: Dog|Manectric, F, shiny|281/281","|-damage|p1a: Dog|246/281|[from] Stealth Rock","|turn|9","|choice|move voltswitch 1 mega|move stoneedge","|","|detailschange|p1a: Dog|Manectric-Mega, F, shiny","|-mega|p1a: Dog|Manectric|Manectite","|-ability|p1a: Dog|Intimidate|boost","|-unboost|p2a: Terrakion|atk|1","|move|p2a: Terrakion|Stone Edge|p1a: Dog|[miss]","|-miss|p2a: Terrakion|p1a: Dog","|move|p1a: Dog|Volt Switch|p2a: Terrakion","|-damage|p2a: Terrakion|178/323","|choice|switch 6|","|","|switch|p1a: Horned|Excadrill, M, shiny|361/361","|-damage|p1a: Horned|350/361|[from] Stealth Rock","|-ability|p1a: Horned|Mold Breaker","|","|turn|10","|choice|move earthquake|move stoneedge","|","|move|p2a: Terrakion|Stone Edge|p1a: Horned","|-resisted|p1a: Horned","|-damage|p1a: Horned|307/361","|move|p1a: Horned|Earthquake|p2a: Terrakion","|-supereffective|p2a: Terrakion","|-damage|p2a: Terrakion|0 fnt","|-damage|p1a: Horned|271/361|[from] item: Life Orb","|faint|p2a: Terrakion","|","|choice||switch 3","|","|switch|p2a: Latios|Latios, M|301/301","|turn|11","|choice|move earthquake|move dracometeor","|","|move|p2a: Latios|Draco Meteor|p1a: Horned","|-resisted|p1a: Horned","|-damage|p1a: Horned|67/361","|-unboost|p2a: Latios|spa|2","|-damage|p2a: Latios|271/301|[from] item: Life Orb","|move|p1a: Horned|Earthquake|p2a: Latios","|-damage|p2a: Latios|0 fnt","|-damage|p1a: Horned|31/361|[from] item: Life Orb","|faint|p2a: Latios","|","|choice||switch 2","|","|switch|p2a: Scizor|Scizor, M|281/281","|turn|12","|choice|move earthquake|move bulletpunch","|","|move|p2a: Scizor|Bullet Punch|p1a: Horned","|-resisted|p1a: Horned","|-damage|p1a: Horned|0 fnt","|faint|p1a: Horned","|","|choice|switch 5|","|","|switch|p1a: Bird|Talonflame, F, shiny|360/360","|-damage|p1a: Bird|180/360|[from] Stealth Rock","|turn|13","|choice|move flareblitz 1|move bulletpunch mega","|","|detailschange|p2a: Scizor|Scizor-Mega, M","|-mega|p2a: Scizor|Scizor|Scizorite","|move|p2a: Scizor|Bullet Punch|p1a: Bird","|-resisted|p1a: Bird","|-damage|p1a: Bird|90/360","|move|p1a: Bird|Flare Blitz|p2a: Scizor","|-supereffective|p2a: Scizor","|-damage|p2a: Scizor|0 fnt","|-damage|p1a: Bird|0 fnt|[from] recoil|[of] p2a: Scizor","|faint|p2a: Scizor","|faint|p1a: Bird","|","|choice|switch 4|switch 4","|","|switch|p2a: Zapdos|Zapdos|384/384","|switch|p1a: Super Fatty|Chansey, F|703/703","|-ability|p2a: Zapdos|Pressure","|-damage|p1a: Super Fatty|616/703|[from] Stealth Rock","|turn|14","|choice|switch 6|move heatwave","|","|switch|p1a: Dog|Manectric-Mega, F, shiny|246/281","|-damage|p1a: Dog|211/281|[from] Stealth Rock","|-ability|p1a: Dog|Intimidate|boost","|-unboost|p2a: Zapdos|atk|1","|move|p2a: Zapdos|Heat Wave|p1a: Dog","|-damage|p1a: Dog|91/281","|-status|p1a: Dog|brn","|","|-damage|p1a: Dog|56/281 brn|[from] brn","|turn|15","|choice|move voltswitch 1|move heatwave","|","|move|p1a: Dog|Volt Switch|p2a: Zapdos","|-damage|p2a: Zapdos|245/384","|choice|switch 6|","|","|switch|p1a: Super Fatty|Chansey, F|616/703","|-damage|p1a: Super Fatty|529/703|[from] Stealth Rock","|move|p2a: Zapdos|Heat Wave|p1a: Super Fatty","|-damage|p1a: Super Fatty|484/703","|","|-heal|p2a: Zapdos|269/384|[from] item: Leftovers","|turn|16","|choice|switch 6|move voltswitch","|","|switch|p1a: Dog|Manectric-Mega, F, shiny|56/281 brn","|-damage|p1a: Dog|21/281 brn|[from] Stealth Rock","|-ability|p1a: Dog|Intimidate|boost","|-unboost|p2a: Zapdos|atk|1","|move|p2a: Zapdos|Volt Switch|p1a: Dog","|-resisted|p1a: Dog","|-damage|p1a: Dog|0 fnt","|faint|p1a: Dog","|","|-heal|p2a: Zapdos|293/384|[from] item: Leftovers","|choice|switch 6|","|","|switch|p1a: Super Fatty|Chansey, F|484/703","|-damage|p1a: Super Fatty|397/703|[from] Stealth Rock","|turn|17","|choice|move wish|move roost","|","|move|p2a: Zapdos|Roost|p2a: Zapdos","|-heal|p2a: Zapdos|384/384","|move|p1a: Super Fatty|Wish|p1a: Super Fatty","|","|turn|18","|choice|move seismictoss 1|move heatwave","|","|move|p2a: Zapdos|Heat Wave|p1a: Super Fatty","|-damage|p1a: Super Fatty|343/703","|move|p1a: Super Fatty|Seismic Toss|p2a: Zapdos","|-damage|p2a: Zapdos|284/384","|","|-heal|p1a: Super Fatty|694/703|[from] move: Wish|[wisher] Super Fatty","|-heal|p2a: Zapdos|308/384|[from] item: Leftovers","|turn|19","|choice|move seismictoss 1|move voltswitch","|","|move|p2a: Zapdos|Volt Switch|p1a: Super Fatty","|-damage|p1a: Super Fatty|636/703","|move|p1a: Super Fatty|Seismic Toss|p2a: Zapdos","|-damage|p2a: Zapdos|208/384","|","|-heal|p2a: Zapdos|232/384|[from] item: Leftovers","|turn|20","|choice|move wish|move heatwave","|","|move|p2a: Zapdos|Heat Wave|p1a: Super Fatty","|-damage|p1a: Super Fatty|586/703","|move|p1a: Super Fatty|Wish|p1a: Super Fatty","|","|-heal|p2a: Zapdos|256/384|[from] item: Leftovers","|turn|21","|choice|move seismictoss 1|move heatwave","|","|move|p2a: Zapdos|Heat Wave|p1a: Super Fatty","|-damage|p1a: Super Fatty|534/703","|move|p1a: Super Fatty|Seismic Toss|p2a: Zapdos","|-damage|p2a: Zapdos|156/384","|","|-heal|p1a: Super Fatty|703/703|[from] move: Wish|[wisher] Super Fatty","|-heal|p2a: Zapdos|180/384|[from] item: Leftovers","|turn|22","|choice|move wish|move roost","|","|move|p2a: Zapdos|Roost|p2a: Zapdos","|-heal|p2a: Zapdos|372/384","|move|p1a: Super Fatty|Wish|p1a: Super Fatty","|","|-heal|p2a: Zapdos|384/384|[from] item: Leftovers","|turn|23","|choice|move seismictoss 1|move roost","|","|move|p2a: Zapdos|Roost|p2a: Zapdos","|-fail|p2a: Zapdos","|move|p1a: Super Fatty|Seismic Toss|p2a: Zapdos","|-damage|p2a: Zapdos|284/384","|","|-heal|p2a: Zapdos|308/384|[from] item: Leftovers","|turn|24","|choice|move seismictoss 1|move heatwave","|","|move|p2a: Zapdos|Heat Wave|p1a: Super Fatty","|-damage|p1a: Super Fatty|653/703","|move|p1a: Super Fatty|Seismic Toss|p2a: Zapdos","|-damage|p2a: Zapdos|208/384","|","|-heal|p2a: Zapdos|232/384|[from] item: Leftovers","|turn|25","|choice|move wish|move roost","|","|move|p2a: Zapdos|Roost|p2a: Zapdos","|-heal|p2a: Zapdos|384/384","|move|p1a: Super Fatty|Wish|p1a: Super Fatty","|","|turn|26","|choice|move seismictoss 1|move voltswitch","|","|move|p2a: Zapdos|Volt Switch|p1a: Super Fatty","|-damage|p1a: Super Fatty|595/703","|move|p1a: Super Fatty|Seismic Toss|p2a: Zapdos","|-damage|p2a: Zapdos|284/384","|","|-heal|p1a: Super Fatty|703/703|[from] move: Wish|[wisher] Super Fatty","|-heal|p2a: Zapdos|308/384|[from] item: Leftovers","|turn|27","|choice|move seismictoss 1|move heatwave","|","|move|p2a: Zapdos|Heat Wave|p1a: Super Fatty|[miss]","|-miss|p2a: Zapdos|p1a: Super Fatty","|move|p1a: Super Fatty|Seismic Toss|p2a: Zapdos","|-damage|p2a: Zapdos|208/384","|","|-heal|p2a: Zapdos|232/384|[from] item: Leftovers","|turn|28","|choice|move seismictoss 1|move heatwave","|","|move|p2a: Zapdos|Heat Wave|p1a: Super Fatty|[miss]","|-miss|p2a: Zapdos|p1a: Super Fatty","|move|p1a: Super Fatty|Seismic Toss|p2a: Zapdos","|-damage|p2a: Zapdos|132/384","|","|-heal|p2a: Zapdos|156/384|[from] item: Leftovers","|turn|29","|choice|move wish|move roost","|","|move|p2a: Zapdos|Roost|p2a: Zapdos","|-heal|p2a: Zapdos|348/384","|move|p1a: Super Fatty|Wish|p1a: Super Fatty","|","|-heal|p2a: Zapdos|372/384|[from] item: Leftovers","|turn|30","|choice|move seismictoss 1|move voltswitch","|","|move|p2a: Zapdos|Volt Switch|p1a: Super Fatty","|-damage|p1a: Super Fatty|652/703","|move|p1a: Super Fatty|Seismic Toss|p2a: Zapdos","|-damage|p2a: Zapdos|272/384","|","|-heal|p1a: Super Fatty|703/703|[from] move: Wish|[wisher] Super Fatty","|-heal|p2a: Zapdos|296/384|[from] item: Leftovers","|turn|31","|choice|move seismictoss 1|move heatwave","|","|move|p2a: Zapdos|Heat Wave|p1a: Super Fatty","|-damage|p1a: Super Fatty|652/703","|move|p1a: Super Fatty|Seismic Toss|p2a: Zapdos","|-damage|p2a: Zapdos|196/384","|","|-heal|p2a: Zapdos|220/384|[from] item: Leftovers","|turn|32","|choice|move wish|move heatwave","|","|move|p2a: Zapdos|Heat Wave|p1a: Super Fatty","|-damage|p1a: Super Fatty|606/703","|move|p1a: Super Fatty|Wish|p1a: Super Fatty","|","|-heal|p2a: Zapdos|244/384|[from] item: Leftovers","|turn|33","|choice|move seismictoss 1|move heatwave","|","|move|p2a: Zapdos|Heat Wave|p1a: Super Fatty","|-damage|p1a: Super Fatty|555/703","|-status|p1a: Super Fatty|brn","|move|p1a: Super Fatty|Seismic Toss|p2a: Zapdos","|-damage|p2a: Zapdos|144/384","|","|-heal|p1a: Super Fatty|703/703 brn|[from] move: Wish|[wisher] Super Fatty","|-heal|p2a: Zapdos|168/384|[from] item: Leftovers","|-damage|p1a: Super Fatty|616/703 brn|[from] brn","|turn|34","|choice|move seismictoss 1|move heatwave","|","|move|p2a: Zapdos|Heat Wave|p1a: Super Fatty","|-damage|p1a: Super Fatty|564/703 brn","|move|p1a: Super Fatty|Seismic Toss|p2a: Zapdos","|-damage|p2a: Zapdos|68/384","|","|-heal|p2a: Zapdos|92/384|[from] item: Leftovers","|-damage|p1a: Super Fatty|477/703 brn|[from] brn","|turn|35","|choice|move seismictoss 1|move roost","|","|move|p2a: Zapdos|Roost|p2a: Zapdos","|-heal|p2a: Zapdos|284/384","|move|p1a: Super Fatty|Seismic Toss|p2a: Zapdos","|-damage|p2a: Zapdos|184/384","|","|-heal|p2a: Zapdos|208/384|[from] item: Leftovers","|-damage|p1a: Super Fatty|390/703 brn|[from] brn","|turn|36","|choice|move healbell|move heatwave","|","|move|p2a: Zapdos|Heat Wave|p1a: Super Fatty","|-damage|p1a: Super Fatty|341/703 brn","|move|p1a: Super Fatty|Heal Bell|p1a: Super Fatty","|-activate|p1a: Super Fatty|move: Heal Bell","|-curestatus|p1a: Super Fatty|brn|[msg]","|","|-heal|p2a: Zapdos|232/384|[from] item: Leftovers","|turn|37","|choice|move seismictoss 1|move heatwave","|","|move|p2a: Zapdos|Heat Wave|p1a: Super Fatty","|-damage|p1a: Super Fatty|295/703","|move|p1a: Super Fatty|Seismic Toss|p2a: Zapdos","|-damage|p2a: Zapdos|132/384","|","|-heal|p2a: Zapdos|156/384|[from] item: Leftovers","|turn|38","|choice|move seismictoss 1|move roost","|","|move|p2a: Zapdos|Roost|p2a: Zapdos","|-heal|p2a: Zapdos|348/384","|move|p1a: Super Fatty|Seismic Toss|p2a: Zapdos","|-damage|p2a: Zapdos|248/384","|","|-heal|p2a: Zapdos|272/384|[from] item: Leftovers","|turn|39","|choice|move wish|move heatwave","|","|move|p2a: Zapdos|Heat Wave|p1a: Super Fatty","|-damage|p1a: Super Fatty|250/703","|move|p1a: Super Fatty|Wish|p1a: Super Fatty","|","|-heal|p2a: Zapdos|296/384|[from] item: Leftovers","|turn|40","|choice|move seismictoss 1|move voltswitch","|","|move|p2a: Zapdos|Volt Switch|p1a: Super Fatty","|-damage|p1a: Super Fatty|199/703","|move|p1a: Super Fatty|Seismic Toss|p2a: Zapdos","|-damage|p2a: Zapdos|196/384","|","|-heal|p1a: Super Fatty|550/703|[from] move: Wish|[wisher] Super Fatty","|-heal|p2a: Zapdos|220/384|[from] item: Leftovers","|turn|41","|choice|move wish|move voltswitch","|","|move|p2a: Zapdos|Volt Switch|p1a: Super Fatty","|-damage|p1a: Super Fatty|499/703","|move|p1a: Super Fatty|Wish|p1a: Super Fatty","|","|-heal|p2a: Zapdos|244/384|[from] item: Leftovers","|turn|42","|choice|move healbell|move voltswitch","|","|move|p2a: Zapdos|Volt Switch|p1a: Super Fatty","|-damage|p1a: Super Fatty|441/703","|move|p1a: Super Fatty|Heal Bell|p1a: Super Fatty","|-activate|p1a: Super Fatty|move: Heal Bell","|","|-heal|p1a: Super Fatty|703/703|[from] move: Wish|[wisher] Super Fatty","|-heal|p2a: Zapdos|268/384|[from] item: Leftovers","|turn|43","|choice|move wish|move voltswitch","|","|move|p2a: Zapdos|Volt Switch|p1a: Super Fatty","|-damage|p1a: Super Fatty|648/703","|move|p1a: Super Fatty|Wish|p1a: Super Fatty","|","|-heal|p2a: Zapdos|292/384|[from] item: Leftovers","|turn|44","|choice|move wish|move heatwave","|","|move|p2a: Zapdos|Heat Wave|p1a: Super Fatty","|-damage|p1a: Super Fatty|599/703","|move|p1a: Super Fatty|Wish|p1a: Super Fatty","|-fail|p1a: Super Fatty","|","|-heal|p1a: Super Fatty|703/703|[from] move: Wish|[wisher] Super Fatty","|-heal|p2a: Zapdos|316/384|[from] item: Leftovers","|turn|45","|choice|move thunderwave 1|move voltswitch","|","|move|p2a: Zapdos|Volt Switch|p1a: Super Fatty","|-crit|p1a: Super Fatty","|-damage|p1a: Super Fatty|615/703","|move|p1a: Super Fatty|Thunder Wave|p2a: Zapdos","|-immune|p2a: Zapdos|[msg]","|","|-heal|p2a: Zapdos|340/384|[from] item: Leftovers","|turn|46","|choice|move wish|move voltswitch","|","|move|p2a: Zapdos|Volt Switch|p1a: Super Fatty","|-damage|p1a: Super Fatty|558/703","|move|p1a: Super Fatty|Wish|p1a: Super Fatty","|","|-heal|p2a: Zapdos|364/384|[from] item: Leftovers","|turn|47","|choice|move thunderwave 1|move voltswitch","|","|move|p2a: Zapdos|Volt Switch|p1a: Super Fatty","|-damage|p1a: Super Fatty|501/703","|move|p1a: Super Fatty|Thunder Wave|p2a: Zapdos","|-immune|p2a: Zapdos|[msg]","|","|-heal|p1a: Super Fatty|703/703|[from] move: Wish|[wisher] Super Fatty","|-heal|p2a: Zapdos|384/384|[from] item: Leftovers","|turn|48","|choice|move wish|move voltswitch","|","|move|p2a: Zapdos|Volt Switch|p1a: Super Fatty","|-damage|p1a: Super Fatty|643/703","|move|p1a: Super Fatty|Wish|p1a: Super Fatty","|","|turn|49","|choice|move wish|move voltswitch","|","|move|p2a: Zapdos|Volt Switch|p1a: Super Fatty","|-crit|p1a: Super Fatty","|-damage|p1a: Super Fatty|559/703","|move|p1a: Super Fatty|Wish|p1a: Super Fatty","|-fail|p1a: Super Fatty","|","|-heal|p1a: Super Fatty|703/703|[from] move: Wish|[wisher] Super Fatty","|turn|50","|choice|move healbell|move voltswitch","|","|move|p2a: Zapdos|Volt Switch|p1a: Super Fatty","|-damage|p1a: Super Fatty|651/703","|move|p1a: Super Fatty|Heal Bell|p1a: Super Fatty","|-activate|p1a: Super Fatty|move: Heal Bell","|","|turn|51","|choice|move wish|move voltswitch","|","|move|p2a: Zapdos|Volt Switch|p1a: Super Fatty","|-damage|p1a: Super Fatty|594/703","|move|p1a: Super Fatty|Wish|p1a: Super Fatty","|","|turn|52","|choice|move healbell|move voltswitch","|","|move|p2a: Zapdos|Volt Switch|p1a: Super Fatty","|-damage|p1a: Super Fatty|543/703","|move|p1a: Super Fatty|Heal Bell|p1a: Super Fatty","|-activate|p1a: Super Fatty|move: Heal Bell","|","|-heal|p1a: Super Fatty|703/703|[from] move: Wish|[wisher] Super Fatty","|turn|53","|choice|move wish|move voltswitch","|","|move|p2a: Zapdos|Volt Switch|p1a: Super Fatty","|-damage|p1a: Super Fatty|652/703","|move|p1a: Super Fatty|Wish|p1a: Super Fatty","|","|turn|54","|choice|move wish|move voltswitch","|","|move|p2a: Zapdos|Volt Switch|p1a: Super Fatty","|-damage|p1a: Super Fatty|601/703","|move|p1a: Super Fatty|Wish|p1a: Super Fatty","|-fail|p1a: Super Fatty","|","|-heal|p1a: Super Fatty|703/703|[from] move: Wish|[wisher] Super Fatty","|turn|55","|choice|move healbell|move voltswitch","|","|move|p2a: Zapdos|Volt Switch|p1a: Super Fatty","|-damage|p1a: Super Fatty|652/703","|move|p1a: Super Fatty|Heal Bell|p1a: Super Fatty","|-activate|p1a: Super Fatty|move: Heal Bell","|","|turn|56","|choice|move healbell|move voltswitch","|","|move|p2a: Zapdos|Volt Switch|p1a: Super Fatty","|-damage|p1a: Super Fatty|598/703","|move|p1a: Super Fatty|Heal Bell|p1a: Super Fatty","|-activate|p1a: Super Fatty|move: Heal Bell","|","|turn|57","|choice|move thunderwave 1|move voltswitch","|","|move|p2a: Zapdos|Volt Switch|p1a: Super Fatty","|-damage|p1a: Super Fatty|547/703","|move|p1a: Super Fatty|Thunder Wave|p2a: Zapdos","|-immune|p2a: Zapdos|[msg]","|","|turn|58","|choice|move healbell|move voltswitch","|","|move|p2a: Zapdos|Volt Switch|p1a: Super Fatty","|-damage|p1a: Super Fatty|496/703","|move|p1a: Super Fatty|Heal Bell|p1a: Super Fatty","|-activate|p1a: Super Fatty|move: Heal Bell","|","|turn|59","|choice|move healbell|move voltswitch","|","|move|p2a: Zapdos|Volt Switch|p1a: Super Fatty","|-damage|p1a: Super Fatty|445/703","|move|p1a: Super Fatty|Heal Bell|p1a: Super Fatty","|-activate|p1a: Super Fatty|move: Heal Bell","|","|turn|60","|choice|move thunderwave 1|move voltswitch","|","|move|p2a: Zapdos|Volt Switch|p1a: Super Fatty","|-damage|p1a: Super Fatty|391/703","|move|p1a: Super Fatty|Thunder Wave|p2a: Zapdos","|-immune|p2a: Zapdos|[msg]","|","|turn|61","|choice|move thunderwave 1|move voltswitch","|","|move|p2a: Zapdos|Volt Switch|p1a: Super Fatty","|-damage|p1a: Super Fatty|331/703","|move|p1a: Super Fatty|Thunder Wave|p2a: Zapdos","|-immune|p2a: Zapdos|[msg]","|","|turn|62","|choice|move thunderwave 1|move voltswitch","|","|move|p2a: Zapdos|Volt Switch|p1a: Super Fatty","|-damage|p1a: Super Fatty|271/703","|move|p1a: Super Fatty|Thunder Wave|p2a: Zapdos","|-immune|p2a: Zapdos|[msg]","|","|turn|63","|choice|move thunderwave 1|move voltswitch","|","|move|p2a: Zapdos|Volt Switch|p1a: Super Fatty","|-damage|p1a: Super Fatty|220/703","|move|p1a: Super Fatty|Thunder Wave|p2a: Zapdos","|-immune|p2a: Zapdos|[msg]","|","|turn|64","|choice|move thunderwave 1|move voltswitch","|","|move|p2a: Zapdos|Volt Switch|p1a: Super Fatty","|-damage|p1a: Super Fatty|165/703","|move|p1a: Super Fatty|Thunder Wave|p2a: Zapdos","|-immune|p2a: Zapdos|[msg]","|","|turn|65","|choice|move thunderwave 1|move voltswitch","|","|move|p2a: Zapdos|Volt Switch|p1a: Super Fatty","|-crit|p1a: Super Fatty","|-damage|p1a: Super Fatty|77/703","|move|p1a: Super Fatty|Thunder Wave|p2a: Zapdos","|-immune|p2a: Zapdos|[msg]","|","|turn|66","|choice|move thunderwave 1|move voltswitch","|","|move|p2a: Zapdos|Volt Switch|p1a: Super Fatty","|-damage|p1a: Super Fatty|22/703","|move|p1a: Super Fatty|Thunder Wave|p2a: Zapdos","|-immune|p2a: Zapdos|[msg]","|","|turn|67","|choice|move thunderwave 1|move voltswitch","|","|move|p2a: Zapdos|Volt Switch|p1a: Super Fatty","|-damage|p1a: Super Fatty|0 fnt","|faint|p1a: Super Fatty","|","|win|lemayju77"],"p1rating":1146.319023054803,"p2rating":1066.463803542789,"endType":"normal"}