{"seed":[19394,47984,16078,60685],"turns":37,"p1":"BatterBotto","p2":"FlareonDriod","p1team":[{"name":"Seismitoad","species":"Seismitoad","item":"leftovers","ability":"Water Absorb","moves":["stealthrock","scald","earthpower","toxic"],"nature":"Bold","evs":{"hp":248,"atk":0,"def":240,"spa":0,"spd":20,"spe":0},"gender":"M","ivs":{"hp":31,"atk":0,"def":31,"spa":31,"spd":31,"spe":31}},{"name":"Skarmory","species":"Skarmory","item":"rockyhelmet","ability":"Sturdy","moves":["spikes","ironhead","roost","whirlwind"],"nature":"Impish","evs":{"hp":248,"atk":0,"def":0,"spa":0,"spd":236,"spe":24},"gender":"F","ivs":{"hp":31,"atk":31,"def":31,"spa":31,"spd":31,"spe":31}},{"name":"Clefable","species":"Clefable","item":"leftovers","ability":"Magic Guard","moves":["calmmind","moonblast","flamethrower","softboiled"],"nature":"Calm","evs":{"hp":252,"atk":0,"def":160,"spa":0,"spd":96,"spe":0},"gender":"F","ivs":{"hp":31,"atk":0,"def":31,"spa":31,"spd":31,"spe":31}},{"name":"Tyranitar","species":"Tyranitar","item":"choiceband","ability":"Sand Stream","moves":["pursuit","stoneedge","crunch","icepunch"],"nature":"Adamant","evs":{"hp":56,"atk":252,"def":4,"spa":0,"spd":0,"spe":196},"gender":"M","ivs":{"hp":31,"atk":31,"def":31,"spa":31,"spd":31,"spe":31}},{"name":"Gengar","species":"Gengar","item":"choicescarf","ability":"Levitate","moves":["shadowball","sludgewave","focusblast","trick"],"nature":"Timid","evs":{"hp":0,"atk":0,"def":0,"spa":252,"spd":4,"spe":252},"gender":"M","ivs":{"hp":31,"atk":0,"def":31,"spa":31,"spd":31,"spe":31},"shiny":true},{"name":"Latias","species":"Latias","item":"latiasite","ability":"Levitate","moves":["thunderbolt","icebeam","roost","thunderwave"],"nature":"Timid","evs":{"hp":248,"atk":0,"def":32,"spa":12,"spd":0,"spe":216},"ivs":{"hp":31,"atk":0,"def":31,"spa":31,"spd":31,"spe":31}}],"p2team":[{"name":"Beedrill","species":"Beedrill","item":"beedrillite","ability":"Swarm","moves":["uturn","poisonjab","drillrun","protect"],"nature":"Jolly","evs":{"hp":0,"atk":252,"def":0,"spa":0,"spd":4,"spe":252},"ivs":{"hp":31,"atk":31,"def":31,"spa":31,"spd":31,"spe":31}},{"name":"Whimsicott","species":"Whimsicott","item":"yacheberry","ability":"Prankster","moves":["gigadrain","moonblast","encore","uturn"],"nature":"Timid","evs":{"hp":0,"atk":0,"def":0,"spa":252,"spd":4,"spe":252},"ivs":{"hp":31,"atk":31,"def":31,"spa":31,"spd":31,"spe":31}},{"name":"Empoleon","species":"Empoleon","item":"leftovers","ability":"Torrent","moves":["scald","icebeam","stealthrock","defog"],"nature":"Calm","evs":{"hp":252,"atk":0,"def":0,"spa":4,"spd":252,"spe":0},"ivs":{"hp":31,"atk":0,"def":31,"spa":31,"spd":31,"spe":31}},{"name":"Reuniclus","species":"Reuniclus","item":"leftovers","ability":"Magic Guard","moves":["calmmind","psyshock","shadowball","recover"],"nature":"Bold","evs":{"hp":252,"atk":0,"def":252,"spa":4,"spd":0,"spe":0},"ivs":{"hp":31,"atk":0,"def":31,"spa":31,"spd":31,"spe":31}},{"name":"Toxicroak","species":"Toxicroak","item":"lifeorb","ability":"Dry Skin","moves":["swordsdance","gunkshot","drainpunch","suckerpunch"],"nature":"Jolly","evs":{"hp":0,"atk":252,"def":0,"spa":0,"spd":4,"spe":252},"ivs":{"hp":31,"atk":31,"def":31,"spa":31,"spd":31,"spe":31}},{"name":"Hydreigon","species":"Hydreigon","item":"choicescarf","ability":"Levitate","moves":["dracometeor","darkpulse","fireblast","uturn"],"nature":"Timid","evs":{"hp":0,"atk":0,"def":0,"spa":252,"spd":4,"spe":252},"ivs":{"hp":31,"atk":31,"def":31,"spa":31,"spd":31,"spe":31}}],"log":["|player|p1|BatterBotto|batterbotto.png","|player|p2|FlareonDriod|flareondriod.png","|gametype|singles","|gen|6","|tier|OU","|rated","|seed|19394,47984,16078,60685","|clearpoke","|poke|p1|Seismitoad, M|item","|poke|p1|Skarmory, F|item","|poke|p1|Clefable, F|item","|poke|p1|Tyranitar, M|item","|poke|p1|Gengar, M, shiny|item","|poke|p1|Latias, F|item","|poke|p2|Beedrill, F|item","|poke|p2|Whimsicott, M|item","|poke|p2|Empoleon, F|item","|poke|p2|Reuniclus, F|item","|poke|p2|Toxicroak, F|item","|poke|p2|Hydreigon, F|item","|rule|Swagger Clause: Swagger is banned","|rule|Baton Pass Clause: Limit one Baton Passer, can't pass Spe and other stats simultaneously","|rule|Sleep Clause Mod: Limit one foe put to sleep","|rule|Species Clause: Limit one of each Pokémon","|rule|OHKO Clause: OHKO moves are banned","|rule|Moody Clause: Moody is banned","|rule|Evasion Moves Clause: Evasion moves are banned","|rule|Endless Battle Clause: Forcing endless battles is banned","|rule|HP Percentage Mod: HP is shown in percentages","|teampreview","|choice|team 6, team 1, team 2, team 3, team 4, team 5|team 6, team 1, team 2, team 3, team 4, team 5","|","|start","|switch|p1a: Latias|Latias, F|363/363","|switch|p2a: Hydreigon|Hydreigon, F|325/325","|turn|1","|choice|switch 4|move darkpulse 1","|","|switch|p1a: Clefable|Clefable, F|394/394","|move|p2a: Hydreigon|Dark Pulse|p1a: Clefable","|-resisted|p1a: Clefable","|-damage|p1a: Clefable|334/394","|","|-heal|p1a: Clefable|358/394|[from] item: Leftovers","|turn|2","|choice|move moonblast 1|switch 2","|","|switch|p2a: Beedrill|Beedrill, F|271/271","|move|p1a: Clefable|Moonblast|p2a: Beedrill","|-resisted|p2a: Beedrill","|-damage|p2a: Beedrill|202/271","|","|-heal|p1a: Clefable|382/394|[from] item: Leftovers","|turn|3","|choice|move flamethrower 1|move poisonjab 1 mega","|","|detailschange|p2a: Beedrill|Beedrill-Mega, F","|-mega|p2a: Beedrill|Beedrill|Beedrillite","|move|p2a: Beedrill|Poison Jab|p1a: Clefable","|-supereffective|p1a: Clefable","|-damage|p1a: Clefable|0 fnt","|faint|p1a: Clefable","|","|choice|switch 3|","|","|switch|p1a: Skarmory|Skarmory, F|333/333","|turn|4","|choice|move ironhead 1|switch 4","|","|switch|p2a: Empoleon|Empoleon, F|372/372","|move|p1a: Skarmory|Iron Head|p2a: Empoleon","|-resisted|p2a: Empoleon","|-damage|p2a: Empoleon|351/372","|","|-heal|p2a: Empoleon|372/372|[from] item: Leftovers","|turn|5","|choice|switch 2|move scald 1","|","|switch|p1a: Seismitoad|Seismitoad, M|413/413","|move|p2a: Empoleon|Scald|p1a: Seismitoad","|-immune|p1a: Seismitoad|[msg]|[from] ability: Water Absorb","|","|turn|6","|choice|move stealthrock|switch 3","|","|switch|p2a: Whimsicott|Whimsicott, M|261/261","|move|p1a: Seismitoad|Stealth Rock|p2a: Whimsicott","|-sidestart|p2: FlareonDriod|move: Stealth Rock","|","|turn|7","|choice|switch 2|move gigadrain 1","|","|switch|p1a: Skarmory|Skarmory, F|333/333","|move|p2a: Whimsicott|Giga Drain|p1a: Skarmory","|-resisted|p1a: Skarmory","|-damage|p1a: Skarmory|312/333","|","|turn|8","|choice|move ironhead 1|switch 3","|","|switch|p2a: Empoleon|Empoleon, F|372/372","|-damage|p2a: Empoleon|349/372|[from] Stealth Rock","|move|p1a: Skarmory|Iron Head|p2a: Empoleon","|-resisted|p2a: Empoleon","|-damage|p2a: Empoleon|328/372","|","|-heal|p2a: Empoleon|351/372|[from] item: Leftovers","|turn|9","|choice|switch 2|move defog 1","|","|switch|p1a: Seismitoad|Seismitoad, M|413/413","|move|p2a: Empoleon|Defog|p1a: Seismitoad","|-unboost|p1a: Seismitoad|evasion|1","|-sideend|p2: FlareonDriod|Stealth Rock|[from] move: Defog|[of] p2a: Empoleon","|","|-heal|p2a: Empoleon|372/372|[from] item: Leftovers","|turn|10","|choice|move stealthrock|switch 3","|","|switch|p2a: Whimsicott|Whimsicott, M|261/261","|move|p1a: Seismitoad|Stealth Rock|p2a: Whimsicott","|-sidestart|p2: FlareonDriod|move: Stealth Rock","|","|turn|11","|choice|switch 2|move gigadrain 1","|","|switch|p1a: Skarmory|Skarmory, F|312/333","|move|p2a: Whimsicott|Giga Drain|p1a: Skarmory","|-resisted|p1a: Skarmory","|-damage|p1a: Skarmory|288/333","|","|turn|12","|choice|move spikes|switch 3","|","|switch|p2a: Empoleon|Empoleon, F|372/372","|-damage|p2a: Empoleon|349/372|[from] Stealth Rock","|move|p1a: Skarmory|Spikes|p2a: Empoleon","|-sidestart|p2: FlareonDriod|Spikes","|","|-heal|p2a: Empoleon|372/372|[from] item: Leftovers","|turn|13","|choice|switch 2|move stealthrock","|","|switch|p1a: Seismitoad|Seismitoad, M|413/413","|move|p2a: Empoleon|Stealth Rock|p1a: Seismitoad","|-sidestart|p1: BatterBotto|move: Stealth Rock","|","|turn|14","|choice|move earthpower 1|switch 3","|","|switch|p2a: Whimsicott|Whimsicott, M|261/261","|-damage|p2a: Whimsicott|229/261|[from] Stealth Rock","|-damage|p2a: Whimsicott|197/261|[from] Spikes","|move|p1a: Seismitoad|Earth Power|p2a: Whimsicott","|-resisted|p2a: Whimsicott","|-damage|p2a: Whimsicott|143/261","|","|turn|15","|choice|switch 2|move gigadrain 1","|","|switch|p1a: Skarmory|Skarmory, F|288/333","|-damage|p1a: Skarmory|247/333|[from] Stealth Rock","|move|p2a: Whimsicott|Giga Drain|p1a: Skarmory","|-resisted|p1a: Skarmory","|-damage|p1a: Skarmory|223/333","|-heal|p2a: Whimsicott|155/261|[from] drain|[of] p1a: Skarmory","|","|turn|16","|choice|move ironhead 1|switch 3","|","|switch|p2a: Empoleon|Empoleon, F|372/372","|-damage|p2a: Empoleon|349/372|[from] Stealth Rock","|-damage|p2a: Empoleon|303/372|[from] Spikes","|move|p1a: Skarmory|Iron Head|p2a: Empoleon","|-resisted|p2a: Empoleon","|-damage|p2a: Empoleon|282/372","|","|-heal|p2a: Empoleon|305/372|[from] item: Leftovers","|turn|17","|choice|switch 2|move icebeam 1","|","|switch|p1a: Seismitoad|Seismitoad, M|413/413","|-damage|p1a: Seismitoad|388/413|[from] Stealth Rock","|move|p2a: Empoleon|Ice Beam|p1a: Seismitoad","|-damage|p1a: Seismitoad|290/413","|","|-heal|p1a: Seismitoad|315/413|[from] item: Leftovers","|-heal|p2a: Empoleon|328/372|[from] item: Leftovers","|turn|18","|choice|move earthpower 1|switch 3","|","|switch|p2a: Whimsicott|Whimsicott, M|155/261","|-damage|p2a: Whimsicott|123/261|[from] Spikes","|-damage|p2a: Whimsicott|91/261|[from] Stealth Rock","|move|p1a: Seismitoad|Earth Power|p2a: Whimsicott","|-resisted|p2a: Whimsicott","|-damage|p2a: Whimsicott|37/261","|","|-heal|p1a: Seismitoad|340/413|[from] item: Leftovers","|turn|19","|choice|move earthpower 1|move gigadrain 1","|","|move|p2a: Whimsicott|Giga Drain|p1a: Seismitoad","|-supereffective|p1a: Seismitoad","|-crit|p1a: Seismitoad","|-damage|p1a: Seismitoad|0 fnt","|-heal|p2a: Whimsicott|207/261|[from] drain|[of] p1a: Seismitoad","|faint|p1a: Seismitoad","|","|choice|switch 2|","|","|switch|p1a: Skarmory|Skarmory, F|223/333","|-damage|p1a: Skarmory|182/333|[from] Stealth Rock","|turn|20","|choice|move roost|move moonblast 1","|","|move|p2a: Whimsicott|Moonblast|p1a: Skarmory","|-resisted|p1a: Skarmory","|-damage|p1a: Skarmory|118/333","|move|p1a: Skarmory|Roost|p1a: Skarmory","|-heal|p1a: Skarmory|285/333","|","|turn|21","|choice|move spikes|switch 3","|","|switch|p2a: Empoleon|Empoleon, F|328/372","|-damage|p2a: Empoleon|305/372|[from] Stealth Rock","|-damage|p2a: Empoleon|259/372|[from] Spikes","|move|p1a: Skarmory|Spikes|p2a: Empoleon","|-sidestart|p2: FlareonDriod|Spikes","|","|-heal|p2a: Empoleon|282/372|[from] item: Leftovers","|turn|22","|choice|switch 4|move defog 1","|","|switch|p1a: Latias|Latias, F|363/363","|-damage|p1a: Latias|318/363|[from] Stealth Rock","|move|p2a: Empoleon|Defog|p1a: Latias","|-unboost|p1a: Latias|evasion|1","|-sideend|p1: BatterBotto|Stealth Rock|[from] move: Defog|[of] p1a: Latias","|-sideend|p2: FlareonDriod|Spikes|[from] move: Defog|[of] p2a: Empoleon","|-sideend|p2: FlareonDriod|Stealth Rock|[from] move: Defog|[of] p2a: Empoleon","|","|-heal|p2a: Empoleon|305/372|[from] item: Leftovers","|turn|23","|choice|move thunderwave 1 mega|switch 3","|","|switch|p2a: Whimsicott|Whimsicott, M|207/261","|detailschange|p1a: Latias|Latias-Mega, F","|-mega|p1a: Latias|Latias|Latiasite","|move|p1a: Latias|Thunder Wave|p2a: Whimsicott","|-status|p2a: Whimsicott|par","|","|turn|24","|choice|move icebeam 1|move moonblast 1","|","|move|p1a: Latias|Ice Beam|p2a: Whimsicott","|-supereffective|p2a: Whimsicott","|-enditem|p2a: Whimsicott|Yache Berry|[eat]","|-enditem|p2a: Whimsicott|Yache Berry|[weaken]","|-damage|p2a: Whimsicott|80/261 par","|move|p2a: Whimsicott|Moonblast|p1a: Latias","|-supereffective|p1a: Latias","|-damage|p1a: Latias|156/363","|","|turn|25","|choice|move icebeam 1|move moonblast 1","|","|move|p1a: Latias|Ice Beam|p2a: Whimsicott","|-supereffective|p2a: Whimsicott","|-damage|p2a: Whimsicott|0 fnt","|faint|p2a: Whimsicott","|","|choice||switch 3","|","|switch|p2a: Empoleon|Empoleon, F|305/372","|turn|26","|choice|move thunderbolt 1|move stealthrock","|","|move|p1a: Latias|Thunderbolt|p2a: Empoleon","|-supereffective|p2a: Empoleon","|-damage|p2a: Empoleon|163/372","|move|p2a: Empoleon|Stealth Rock|p1a: Latias","|-sidestart|p1: BatterBotto|move: Stealth Rock","|","|-heal|p2a: Empoleon|186/372|[from] item: Leftovers","|turn|27","|choice|move thunderbolt 1|move icebeam 1","|","|move|p1a: Latias|Thunderbolt|p2a: Empoleon","|-supereffective|p2a: Empoleon","|-damage|p2a: Empoleon|56/372","|move|p2a: Empoleon|Ice Beam|p1a: Latias","|-supereffective|p1a: Latias","|-damage|p1a: Latias|54/363","|","|-heal|p2a: Empoleon|79/372|[from] item: Leftovers","|turn|28","|choice|move thunderbolt 1|move scald 1","|","|move|p1a: Latias|Thunderbolt|p2a: Empoleon","|-supereffective|p2a: Empoleon","|-crit|p2a: Empoleon","|-damage|p2a: Empoleon|0 fnt","|faint|p2a: Empoleon","|","|choice||switch 5","|","|switch|p2a: Reuniclus|Reuniclus, F|424/424","|turn|29","|choice|switch 5|move psyshock 1","|","|switch|p1a: Tyranitar|Tyranitar, M|355/355","|-damage|p1a: Tyranitar|311/355|[from] Stealth Rock","|-weather|Sandstorm|[from] ability: Sand Stream|[of] p1a: Tyranitar","|move|p2a: Reuniclus|Psyshock|p1a: Tyranitar","|-immune|p1a: Tyranitar|[msg]","|","|-weather|Sandstorm|[upkeep]","|turn|30","|choice|move crunch 1|switch 6","|","|switch|p2a: Toxicroak|Toxicroak, F|307/307","|move|p1a: Tyranitar|Crunch|p2a: Toxicroak","|-resisted|p2a: Toxicroak","|-damage|p2a: Toxicroak|123/307","|","|-weather|Sandstorm|[upkeep]","|-damage|p2a: Toxicroak|104/307|[from] sandstorm","|turn|31","|choice|move crunch 1|move drainpunch 1","|","|move|p2a: Toxicroak|Drain Punch|p1a: Tyranitar","|-supereffective|p1a: Tyranitar","|-damage|p1a: Tyranitar|0 fnt","|-heal|p2a: Toxicroak|260/307|[from] drain|[of] p1a: Tyranitar","|-damage|p2a: Toxicroak|230/307|[from] item: Life Orb","|faint|p1a: Tyranitar","|","|-weather|Sandstorm|[upkeep]","|-damage|p2a: Toxicroak|211/307|[from] sandstorm","|choice|switch 6|","|","|switch|p1a: Gengar|Gengar, M, shiny|261/261","|-damage|p1a: Gengar|229/261|[from] Stealth Rock","|turn|32","|choice|move sludgewave|move suckerpunch 1","|","|move|p2a: Toxicroak|Sucker Punch|p1a: Gengar","|-supereffective|p1a: Gengar","|-damage|p1a: Gengar|0 fnt","|-damage|p2a: Toxicroak|181/307|[from] item: Life Orb","|faint|p1a: Gengar","|","|-weather|Sandstorm|[upkeep]","|-damage|p2a: Toxicroak|162/307|[from] sandstorm","|choice|switch 4|","|","|switch|p1a: Skarmory|Skarmory, F|285/333","|-damage|p1a: Skarmory|244/333|[from] Stealth Rock","|turn|33","|choice|move roost|move drainpunch 1","|","|move|p2a: Toxicroak|Drain Punch|p1a: Skarmory","|-damage|p1a: Skarmory|145/333","|-heal|p2a: Toxicroak|212/307|[from] drain|[of] p1a: Skarmory","|-damage|p2a: Toxicroak|161/307|[from] item: Rocky Helmet|[of] p1a: Skarmory","|-damage|p2a: Toxicroak|131/307|[from] item: Life Orb","|move|p1a: Skarmory|Roost|p1a: Skarmory","|-heal|p1a: Skarmory|312/333","|","|-weather|none","|turn|34","|choice|move spikes|move suckerpunch 1","|","|move|p2a: Toxicroak|Sucker Punch|p1a: Skarmory|[still]","|-fail|p2a: Toxicroak","|move|p1a: Skarmory|Spikes|p2a: Toxicroak","|-sidestart|p2: FlareonDriod|Spikes","|","|turn|35","|choice|move ironhead 1|move suckerpunch 1","|","|move|p2a: Toxicroak|Sucker Punch|p1a: Skarmory","|-damage|p1a: Skarmory|243/333","|-damage|p2a: Toxicroak|80/307|[from] item: Rocky Helmet|[of] p1a: Skarmory","|-damage|p2a: Toxicroak|50/307|[from] item: Life Orb","|move|p1a: Skarmory|Iron Head|p2a: Toxicroak","|-damage|p2a: Toxicroak|0 fnt","|faint|p2a: Toxicroak","|","|choice||switch 2","|","|switch|p2a: Hydreigon|Hydreigon, F|325/325","|turn|36","|choice|move ironhead 1|move fireblast 1","|","|move|p2a: Hydreigon|Fire Blast|p1a: Skarmory","|-supereffective|p1a: Skarmory","|-damage|p1a: Skarmory|0 fnt","|faint|p1a: Skarmory","|","|choice|switch 5|","|","|switch|p1a: Latias|Latias-Mega, F|54/363","|-damage|p1a: Latias|9/363|[from] Stealth Rock","|turn|37","|choice|move thunderwave 1|move fireblast 1","|","|move|p2a: Hydreigon|Fire Blast|p1a: Latias","|-resisted|p1a: Latias","|-damage|p1a: Latias|0 fnt","|faint|p1a: Latias","|","|win|FlareonDriod"],"p1rating":1141.0532855411777,"p2rating":1249.516047939819,"endType":"normal"}