{"seed":[33360,22960,54581,57104],"turns":61,"p1":"FlareonDriod","p2":"BatterBotto","p1team":[{"name":"Pinky","species":"weavile","item":"lifeorb","ability":"Pressure","moves":["knockoff","iciclecrash","iceshard","pursuit"],"nature":"Jolly","evs":{"hp":0,"atk":252,"def":4,"spa":0,"spd":0,"spe":252},"gender":"F","shiny":true,"ivs":{"hp":31,"atk":31,"def":31,"spa":31,"spd":31,"spe":31}},{"name":"Dog","species":"manectric","item":"manectite","ability":"Lightning Rod","moves":["voltswitch","thunderbolt","overheat","hiddenpowerice"],"nature":"Timid","evs":{"hp":0,"atk":0,"def":4,"spa":252,"spd":0,"spe":252},"gender":"F","ivs":{"hp":31,"atk":30,"def":30,"spa":31,"spd":31,"spe":31},"shiny":true},{"name":"Fatty","species":"azumarill","item":"choicescarf","ability":"Huge Power","moves":["playrough","aquajet","waterfall","superpower"],"nature":"Adamant","evs":{"hp":4,"atk":252,"def":0,"spa":0,"spd":0,"spe":252},"gender":"F","shiny":true,"ivs":{"hp":31,"atk":31,"def":31,"spa":31,"spd":31,"spe":31}},{"name":"Bird","species":"talonflame","item":"lifeorb","ability":"Gale Wings","moves":["bravebird","flareblitz","roost","willowisp"],"nature":"Adamant","evs":{"hp":252,"atk":252,"def":0,"spa":0,"spd":4,"spe":0},"shiny":true,"ivs":{"hp":31,"atk":31,"def":31,"spa":31,"spd":31,"spe":31}},{"name":"Super Fatty","species":"chansey","item":"eviolite","ability":"Natural Cure","moves":["healbell","wish","seismictoss","thunderwave"],"nature":"Bold","evs":{"hp":248,"atk":0,"def":8,"spa":0,"spd":252,"spe":0},"ivs":{"hp":31,"atk":31,"def":31,"spa":31,"spd":31,"spe":31}},{"name":"Horned","species":"excadrill","item":"lifeorb","ability":"Mold Breaker","moves":["earthquake","rockslide","stealthrock","rapidspin"],"nature":"Adamant","evs":{"hp":0,"atk":252,"def":0,"spa":0,"spd":4,"spe":252},"gender":"M","shiny":true,"ivs":{"hp":31,"atk":31,"def":31,"spa":31,"spd":31,"spe":31}}],"p2team":[{"name":"Seismitoad","species":"Seismitoad","item":"leftovers","ability":"Water Absorb","moves":["stealthrock","scald","earthpower","toxic"],"nature":"Bold","evs":{"hp":248,"atk":0,"def":240,"spa":0,"spd":20,"spe":0},"gender":"M","ivs":{"hp":31,"atk":0,"def":31,"spa":31,"spd":31,"spe":31}},{"name":"Skarmory","species":"Skarmory","item":"rockyhelmet","ability":"Sturdy","moves":["spikes","ironhead","roost","whirlwind"],"nature":"Impish","evs":{"hp":248,"atk":0,"def":0,"spa":0,"spd":236,"spe":24},"gender":"F","ivs":{"hp":31,"atk":31,"def":31,"spa":31,"spd":31,"spe":31}},{"name":"Clefable","species":"Clefable","item":"leftovers","ability":"Magic Guard","moves":["calmmind","moonblast","flamethrower","softboiled"],"nature":"Calm","evs":{"hp":252,"atk":0,"def":160,"spa":0,"spd":96,"spe":0},"gender":"F","ivs":{"hp":31,"atk":0,"def":31,"spa":31,"spd":31,"spe":31}},{"name":"Tyranitar","species":"Tyranitar","item":"choiceband","ability":"Sand Stream","moves":["pursuit","stoneedge","crunch","icepunch"],"nature":"Adamant","evs":{"hp":56,"atk":252,"def":4,"spa":0,"spd":0,"spe":196},"gender":"M","ivs":{"hp":31,"atk":31,"def":31,"spa":31,"spd":31,"spe":31}},{"name":"Gengar","species":"Gengar","item":"choicescarf","ability":"Levitate","moves":["shadowball","sludgewave","focusblast","trick"],"nature":"Timid","evs":{"hp":0,"atk":0,"def":0,"spa":252,"spd":4,"spe":252},"gender":"M","ivs":{"hp":31,"atk":0,"def":31,"spa":31,"spd":31,"spe":31},"shiny":true},{"name":"Latias","species":"Latias","item":"latiasite","ability":"Levitate","moves":["thunderbolt","icebeam","roost","thunderwave"],"nature":"Timid","evs":{"hp":248,"atk":0,"def":32,"spa":12,"spd":0,"spe":216},"ivs":{"hp":31,"atk":0,"def":31,"spa":31,"spd":31,"spe":31}}],"log":["|player|p1|FlareonDriod|flareondriod.png","|player|p2|BatterBotto|batterbotto.png","|gametype|singles","|gen|6","|tier|OU","|rated","|seed|33360,22960,54581,57104","|clearpoke","|poke|p1|Weavile, F, shiny|item","|poke|p1|Manectric, F, shiny|item","|poke|p1|Azumarill, F, shiny|item","|poke|p1|Talonflame, M, shiny|item","|poke|p1|Chansey, F|item","|poke|p1|Excadrill, M, shiny|item","|poke|p2|Seismitoad, M|item","|poke|p2|Skarmory, F|item","|poke|p2|Clefable, F|item","|poke|p2|Tyranitar, M|item","|poke|p2|Gengar, M, shiny|item","|poke|p2|Latias, F|item","|rule|Swagger Clause: Swagger is banned","|rule|Baton Pass Clause: Limit one Baton Passer, can't pass Spe and other stats simultaneously","|rule|Sleep Clause Mod: Limit one foe put to sleep","|rule|Species Clause: Limit one of each Pokémon","|rule|OHKO Clause: OHKO moves are banned","|rule|Moody Clause: Moody is banned","|rule|Evasion Moves Clause: Evasion moves are banned","|rule|Endless Battle Clause: Forcing endless battles is banned","|rule|HP Percentage Mod: HP is shown in percentages","|teampreview","|choice|team 3, team 1, team 2, team 4, team 5, team 6|team 4, team 1, team 2, team 3, team 5, team 6","|","|start","|switch|p1a: Fatty|Azumarill, F, shiny|342/342","|switch|p2a: Tyranitar|Tyranitar, M|355/355","|-weather|Sandstorm|[from] ability: Sand Stream|[of] p2a: Tyranitar","|turn|1","|choice|move playrough 1|move stoneedge 1","|","|move|p1a: Fatty|Play Rough|p2a: Tyranitar","|-supereffective|p2a: Tyranitar","|-damage|p2a: Tyranitar|1/355","|move|p2a: Tyranitar|Stone Edge|p1a: Fatty","|-damage|p1a: Fatty|0 fnt","|faint|p1a: Fatty","|","|-weather|Sandstorm|[upkeep]","|choice|switch 6|","|","|switch|p1a: Horned|Excadrill, M, shiny|361/361","|-ability|p1a: Horned|Mold Breaker","|turn|2","|choice|move earthquake|switch 3","|","|switch|p2a: Skarmory|Skarmory, F|333/333","|move|p1a: Horned|Earthquake|p2a: Skarmory","|-immune|p2a: Skarmory|[msg]","|","|-weather|Sandstorm|[upkeep]","|turn|3","|choice|move rockslide|move spikes","|","|move|p1a: Horned|Rock Slide|p2a: Skarmory","|-damage|p2a: Skarmory|247/333","|-damage|p1a: Horned|325/361|[from] item: Life Orb","|move|p2a: Skarmory|Spikes|p1a: Horned","|-sidestart|p1: FlareonDriod|Spikes","|","|-weather|Sandstorm|[upkeep]","|turn|4","|choice|move rockslide|move spikes","|","|move|p1a: Horned|Rock Slide|p2a: Skarmory","|-damage|p2a: Skarmory|153/333","|-damage|p1a: Horned|289/361|[from] item: Life Orb","|move|p2a: Skarmory|Spikes|p1a: Horned","|-sidestart|p1: FlareonDriod|Spikes","|","|-weather|Sandstorm|[upkeep]","|turn|5","|choice|move rockslide|move roost","|","|move|p1a: Horned|Rock Slide|p2a: Skarmory","|-damage|p2a: Skarmory|70/333","|-damage|p1a: Horned|253/361|[from] item: Life Orb","|move|p2a: Skarmory|Roost|p2a: Skarmory","|-heal|p2a: Skarmory|237/333","|","|-weather|none","|turn|6","|choice|move rockslide|move roost","|","|move|p1a: Horned|Rock Slide|p2a: Skarmory","|-damage|p2a: Skarmory|146/333","|-damage|p1a: Horned|217/361|[from] item: Life Orb","|move|p2a: Skarmory|Roost|p2a: Skarmory","|-heal|p2a: Skarmory|313/333","|","|turn|7","|choice|move rapidspin 1|move ironhead 1","|","|move|p1a: Horned|Rapid Spin|p2a: Skarmory","|-resisted|p2a: Skarmory","|-damage|p2a: Skarmory|303/333","|-damage|p1a: Horned|157/361|[from] item: Rocky Helmet|[of] p2a: Skarmory","|-sideend|p1: FlareonDriod|Spikes|[from] move: Rapid Spin|[of] p1a: Horned","|-damage|p1a: Horned|121/361|[from] item: Life Orb","|move|p2a: Skarmory|Iron Head|p1a: Horned","|-resisted|p1a: Horned","|-damage|p1a: Horned|61/361","|","|turn|8","|choice|move rockslide|move spikes","|","|move|p1a: Horned|Rock Slide|p2a: Skarmory|[miss]","|-miss|p1a: Horned|p2a: Skarmory","|move|p2a: Skarmory|Spikes|p1a: Horned","|-sidestart|p1: FlareonDriod|Spikes","|","|turn|9","|choice|move rapidspin 1|move ironhead 1","|","|move|p1a: Horned|Rapid Spin|p2a: Skarmory","|-resisted|p2a: Skarmory","|-damage|p2a: Skarmory|291/333","|-damage|p1a: Horned|1/361|[from] item: Rocky Helmet|[of] p2a: Skarmory","|-sideend|p1: FlareonDriod|Spikes|[from] move: Rapid Spin|[of] p1a: Horned","|-damage|p1a: Horned|0 fnt|[from] item: Life Orb","|faint|p1a: Horned","|move|p2a: Skarmory|Iron Head|p1: Horned|[notarget]","|-notarget","|","|choice|switch 3|","|","|switch|p1a: Dog|Manectric, F, shiny|281/281","|turn|10","|choice|move voltswitch 1 mega|switch 2","|","|switch|p2a: Seismitoad|Seismitoad, M|413/413","|detailschange|p1a: Dog|Manectric-Mega, F, shiny","|-mega|p1a: Dog|Manectric|Manectite","|-ability|p1a: Dog|Intimidate|boost","|-unboost|p2a: Seismitoad|atk|1","|move|p1a: Dog|Volt Switch|p2a: Seismitoad","|-immune|p2a: Seismitoad|[msg]","|","|turn|11","|choice|switch 4|move earthpower 1","|","|switch|p1a: Bird|Talonflame, M, shiny|360/360","|move|p2a: Seismitoad|Earth Power|p1a: Bird","|-immune|p1a: Bird|[msg]","|","|turn|12","|choice|move willowisp 1|move scald 1","|","|move|p1a: Bird|Will-O-Wisp|p2a: Seismitoad","|-status|p2a: Seismitoad|brn","|move|p2a: Seismitoad|Scald|p1a: Bird","|-supereffective|p1a: Bird","|-damage|p1a: Bird|132/360","|","|-damage|p2a: Seismitoad|362/413 brn|[from] brn","|turn|13","|choice|move bravebird 1|move scald 1","|","|move|p1a: Bird|Brave Bird|p2a: Seismitoad","|-damage|p2a: Seismitoad|171/413 brn","|-damage|p1a: Bird|69/360|[from] recoil|[of] p2a: Seismitoad","|-damage|p1a: Bird|33/360|[from] item: Life Orb","|move|p2a: Seismitoad|Scald|p1a: Bird","|-supereffective|p1a: Bird","|-damage|p1a: Bird|0 fnt","|faint|p1a: Bird","|","|-heal|p2a: Seismitoad|196/413 brn|[from] item: Leftovers","|-damage|p2a: Seismitoad|145/413 brn|[from] brn","|choice|switch 2|","|","|switch|p1a: Pinky|Weavile, F, shiny|281/281","|-ability|p1a: Pinky|Pressure","|turn|14","|choice|move pursuit 1|switch 3","|","|-activate|p2a: Seismitoad|move: Pursuit","|move|p1a: Pinky|Pursuit|p2a: Seismitoad|[from]Pursuit","|-damage|p2a: Seismitoad|1/413 brn","|-damage|p1a: Pinky|253/281|[from] item: Life Orb","|switch|p2a: Tyranitar|Tyranitar, M|1/355","|-weather|Sandstorm|[from] ability: Sand Stream|[of] p2a: Tyranitar","|","|-weather|Sandstorm|[upkeep]","|-damage|p1a: Pinky|236/281|[from] sandstorm","|turn|15","|choice|move pursuit 1|move stoneedge 1","|","|move|p1a: Pinky|Pursuit|p2a: Tyranitar","|-resisted|p2a: Tyranitar","|-damage|p2a: Tyranitar|0 fnt","|-damage|p1a: Pinky|208/281|[from] item: Life Orb","|faint|p2a: Tyranitar","|","|-weather|Sandstorm|[upkeep]","|-damage|p1a: Pinky|191/281|[from] sandstorm","|choice||switch 4","|","|switch|p2a: Clefable|Clefable, F|394/394","|turn|16","|choice|move iciclecrash 1|move moonblast 1","|","|move|p1a: Pinky|Icicle Crash|p2a: Clefable","|-damage|p2a: Clefable|194/394","|-damage|p1a: Pinky|163/281|[from] item: Life Orb","|cant|p2a: Clefable|flinch","|","|-weather|Sandstorm|[upkeep]","|-damage|p1a: Pinky|146/281|[from] sandstorm","|-heal|p2a: Clefable|218/394|[from] item: Leftovers","|turn|17","|choice|move iciclecrash 1|move moonblast 1","|","|move|p1a: Pinky|Icicle Crash|p2a: Clefable","|-damage|p2a: Clefable|2/394","|-damage|p1a: Pinky|118/281|[from] item: Life Orb","|move|p2a: Clefable|Moonblast|p1a: Pinky","|-supereffective|p1a: Pinky","|-damage|p1a: Pinky|0 fnt","|faint|p1a: Pinky","|","|-weather|Sandstorm|[upkeep]","|-heal|p2a: Clefable|26/394|[from] item: Leftovers","|choice|switch 4|","|","|switch|p1a: Dog|Manectric-Mega, F, shiny|281/281","|-ability|p1a: Dog|Intimidate|boost","|-unboost|p2a: Clefable|atk|1","|turn|18","|choice|move voltswitch 1|switch 3","|","|switch|p2a: Seismitoad|Seismitoad, M|1/413 brn","|move|p1a: Dog|Volt Switch|p2a: Seismitoad","|-immune|p2a: Seismitoad|[msg]","|","|-weather|none","|-heal|p2a: Seismitoad|26/413 brn|[from] item: Leftovers","|-damage|p2a: Seismitoad|0 fnt|[from] brn","|faint|p2a: Seismitoad","|choice||switch 6","|","|switch|p2a: Latias|Latias, F|363/363","|turn|19","|choice|move hiddenpower 1|move thunderbolt 1 mega","|","|detailschange|p2a: Latias|Latias-Mega, F","|-mega|p2a: Latias|Latias|Latiasite","|move|p1a: Dog|Hidden Power|p2a: Latias","|-supereffective|p2a: Latias","|-damage|p2a: Latias|257/363","|move|p2a: Latias|Thunderbolt|p1a: Dog","|-resisted|p1a: Dog","|-damage|p1a: Dog|223/281","|","|turn|20","|choice|move hiddenpower 1|move icebeam 1","|","|move|p1a: Dog|Hidden Power|p2a: Latias","|-supereffective|p2a: Latias","|-damage|p2a: Latias|153/363","|move|p2a: Latias|Ice Beam|p1a: Dog","|-damage|p1a: Dog|103/281","|","|turn|21","|choice|move hiddenpower 1|move icebeam 1","|","|move|p1a: Dog|Hidden Power|p2a: Latias","|-supereffective|p2a: Latias","|-damage|p2a: Latias|51/363","|move|p2a: Latias|Ice Beam|p1a: Dog","|-damage|p1a: Dog|0 fnt","|faint|p1a: Dog","|","|choice|switch 5|","|","|switch|p1a: Super Fatty|Chansey, F|703/703","|turn|22","|choice|move seismictoss 1|switch 5","|","|switch|p2a: Gengar|Gengar, M, shiny|261/261","|move|p1a: Super Fatty|Seismic Toss|p2a: Gengar","|-immune|p2a: Gengar|[msg]","|","|turn|23","|choice|move thunderwave 1|move focusblast 1","|","|move|p2a: Gengar|Focus Blast|p1a: Super Fatty","|-supereffective|p1a: Super Fatty","|-damage|p1a: Super Fatty|551/703","|move|p1a: Super Fatty|Thunder Wave|p2a: Gengar","|-status|p2a: Gengar|par","|","|turn|24","|choice|move wish|move focusblast 1","|","|move|p1a: Super Fatty|Wish|p1a: Super Fatty","|move|p2a: Gengar|Focus Blast|p1a: Super Fatty","|-supereffective|p1a: Super Fatty","|-damage|p1a: Super Fatty|395/703","|","|turn|25","|choice|move wish|move focusblast 1","|","|move|p1a: Super Fatty|Wish|p1a: Super Fatty","|-fail|p1a: Super Fatty","|cant|p2a: Gengar|par","|","|-heal|p1a: Super Fatty|703/703|[from] move: Wish|[wisher] Super Fatty","|turn|26","|choice|move seismictoss 1|move focusblast 1","|","|move|p1a: Super Fatty|Seismic Toss|p2a: Gengar","|-immune|p2a: Gengar|[msg]","|move|p2a: Gengar|Focus Blast|p1a: Super Fatty","|-supereffective|p1a: Super Fatty","|-damage|p1a: Super Fatty|557/703","|","|turn|27","|choice|move wish|move focusblast 1","|","|move|p1a: Super Fatty|Wish|p1a: Super Fatty","|move|p2a: Gengar|Focus Blast|p1a: Super Fatty","|-supereffective|p1a: Super Fatty","|-damage|p1a: Super Fatty|399/703","|","|turn|28","|choice|move thunderwave 1|move focusblast 1","|","|move|p1a: Super Fatty|Thunder Wave|p2a: Gengar","|-fail|p2a: Gengar|par","|move|p2a: Gengar|Focus Blast|p1a: Super Fatty","|-supereffective|p1a: Super Fatty","|-damage|p1a: Super Fatty|261/703","|","|-heal|p1a: Super Fatty|612/703|[from] move: Wish|[wisher] Super Fatty","|turn|29","|choice|move wish|move focusblast 1","|","|move|p1a: Super Fatty|Wish|p1a: Super Fatty","|cant|p2a: Gengar|par","|","|turn|30","|choice|move healbell|move focusblast 1","|","|move|p1a: Super Fatty|Heal Bell|p1a: Super Fatty","|-activate|p1a: Super Fatty|move: Heal Bell","|move|p2a: Gengar|Focus Blast|p1a: Super Fatty","|-supereffective|p1a: Super Fatty","|-damage|p1a: Super Fatty|458/703","|","|-heal|p1a: Super Fatty|703/703|[from] move: Wish|[wisher] Super Fatty","|turn|31","|choice|move wish|move focusblast 1","|","|move|p1a: Super Fatty|Wish|p1a: Super Fatty","|move|p2a: Gengar|Focus Blast|p1a: Super Fatty","|-supereffective|p1a: Super Fatty","|-damage|p1a: Super Fatty|547/703","|-unboost|p1a: Super Fatty|spd|1","|","|turn|32","|choice|move seismictoss 1|move focusblast 1","|","|move|p1a: Super Fatty|Seismic Toss|p2a: Gengar","|-immune|p2a: Gengar|[msg]","|move|p2a: Gengar|Focus Blast|p1a: Super Fatty|[miss]","|-miss|p2a: Gengar|p1a: Super Fatty","|","|-heal|p1a: Super Fatty|703/703|[from] move: Wish|[wisher] Super Fatty","|turn|33","|choice|move wish|switch 2","|","|switch|p2a: Skarmory|Skarmory, F|291/333","|move|p1a: Super Fatty|Wish|p1a: Super Fatty","|","|turn|34","|choice|move thunderwave 1|switch 2","|","|switch|p2a: Gengar|Gengar, M, shiny|261/261 par","|move|p1a: Super Fatty|Thunder Wave|p2a: Gengar","|-fail|p2a: Gengar|par","|","|turn|35","|choice|move wish|move sludgewave","|","|move|p1a: Super Fatty|Wish|p1a: Super Fatty","|move|p2a: Gengar|Sludge Wave|p1a: Super Fatty","|-damage|p1a: Super Fatty|580/703","|","|turn|36","|choice|move seismictoss 1|move sludgewave","|","|move|p1a: Super Fatty|Seismic Toss|p2a: Gengar","|-immune|p2a: Gengar|[msg]","|cant|p2a: Gengar|par","|","|-heal|p1a: Super Fatty|703/703|[from] move: Wish|[wisher] Super Fatty","|turn|37","|choice|move wish|move sludgewave","|","|move|p1a: Super Fatty|Wish|p1a: Super Fatty","|cant|p2a: Gengar|par","|","|turn|38","|choice|move thunderwave 1|move sludgewave","|","|move|p1a: Super Fatty|Thunder Wave|p2a: Gengar","|-fail|p2a: Gengar|par","|cant|p2a: Gengar|par","|","|turn|39","|choice|move wish|move sludgewave","|","|move|p1a: Super Fatty|Wish|p1a: Super Fatty","|move|p2a: Gengar|Sludge Wave|p1a: Super Fatty","|-damage|p1a: Super Fatty|579/703","|","|turn|40","|choice|move healbell|move sludgewave","|","|move|p1a: Super Fatty|Heal Bell|p1a: Super Fatty","|-activate|p1a: Super Fatty|move: Heal Bell","|move|p2a: Gengar|Sludge Wave|p1a: Super Fatty","|-damage|p1a: Super Fatty|440/703","|","|-heal|p1a: Super Fatty|703/703|[from] move: Wish|[wisher] Super Fatty","|turn|41","|choice|move wish|move sludgewave","|","|move|p1a: Super Fatty|Wish|p1a: Super Fatty","|move|p2a: Gengar|Sludge Wave|p1a: Super Fatty","|-damage|p1a: Super Fatty|573/703","|-status|p1a: Super Fatty|psn","|","|-damage|p1a: Super Fatty|486/703 psn|[from] psn","|turn|42","|choice|move healbell|move sludgewave","|","|move|p1a: Super Fatty|Heal Bell|p1a: Super Fatty","|-activate|p1a: Super Fatty|move: Heal Bell","|-curestatus|p1a: Super Fatty|psn|[msg]","|move|p2a: Gengar|Sludge Wave|p1a: Super Fatty","|-damage|p1a: Super Fatty|353/703","|-status|p1a: Super Fatty|psn","|","|-heal|p1a: Super Fatty|703/703 psn|[from] move: Wish|[wisher] Super Fatty","|-damage|p1a: Super Fatty|616/703 psn|[from] psn","|turn|43","|choice|move wish|move sludgewave","|","|move|p1a: Super Fatty|Wish|p1a: Super Fatty","|cant|p2a: Gengar|par","|","|-damage|p1a: Super Fatty|529/703 psn|[from] psn","|turn|44","|choice|move healbell|move sludgewave","|","|move|p1a: Super Fatty|Heal Bell|p1a: Super Fatty","|-activate|p1a: Super Fatty|move: Heal Bell","|-curestatus|p1a: Super Fatty|psn|[msg]","|move|p2a: Gengar|Sludge Wave|p1a: Super Fatty","|-damage|p1a: Super Fatty|402/703","|","|-heal|p1a: Super Fatty|703/703|[from] move: Wish|[wisher] Super Fatty","|turn|45","|choice|move wish|move sludgewave","|","|move|p1a: Super Fatty|Wish|p1a: Super Fatty","|cant|p2a: Gengar|par","|","|turn|46","|choice|move thunderwave 1|move sludgewave","|","|move|p1a: Super Fatty|Thunder Wave|p2a: Gengar","|-fail|p2a: Gengar|par","|move|p2a: Gengar|Sludge Wave|p1a: Super Fatty","|-damage|p1a: Super Fatty|574/703","|","|-heal|p1a: Super Fatty|703/703|[from] move: Wish|[wisher] Super Fatty","|turn|47","|choice|move wish|move sludgewave","|","|move|p1a: Super Fatty|Wish|p1a: Super Fatty","|move|p2a: Gengar|Sludge Wave|p1a: Super Fatty","|-damage|p1a: Super Fatty|571/703","|","|turn|48","|choice|move wish|move sludgewave","|","|move|p1a: Super Fatty|Wish|p1a: Super Fatty","|-fail|p1a: Super Fatty","|move|p2a: Gengar|Sludge Wave|p1a: Super Fatty","|-damage|p1a: Super Fatty|447/703","|","|-heal|p1a: Super Fatty|703/703|[from] move: Wish|[wisher] Super Fatty","|turn|49","|choice|move wish|move sludgewave","|","|move|p1a: Super Fatty|Wish|p1a: Super Fatty","|move|p2a: Gengar|Sludge Wave|p1a: Super Fatty","|-damage|p1a: Super Fatty|571/703","|-status|p1a: Super Fatty|psn","|","|-damage|p1a: Super Fatty|484/703 psn|[from] psn","|turn|50","|choice|move healbell|move sludgewave","|","|move|p1a: Super Fatty|Heal Bell|p1a: Super Fatty","|-activate|p1a: Super Fatty|move: Heal Bell","|-curestatus|p1a: Super Fatty|psn|[msg]","|move|p2a: Gengar|Sludge Wave|p1a: Super Fatty","|-damage|p1a: Super Fatty|345/703","|","|-heal|p1a: Super Fatty|696/703|[from] move: Wish|[wisher] Super Fatty","|turn|51","|choice|move wish|move sludgewave","|","|move|p1a: Super Fatty|Wish|p1a: Super Fatty","|move|p2a: Gengar|Sludge Wave|p1a: Super Fatty","|-damage|p1a: Super Fatty|572/703","|","|turn|52","|choice|move healbell|move sludgewave","|","|move|p1a: Super Fatty|Heal Bell|p1a: Super Fatty","|-activate|p1a: Super Fatty|move: Heal Bell","|cant|p2a: Gengar|par","|","|-heal|p1a: Super Fatty|703/703|[from] move: Wish|[wisher] Super Fatty","|turn|53","|choice|move seismictoss 1|move sludgewave","|","|move|p1a: Super Fatty|Seismic Toss|p2a: Gengar","|-immune|p2a: Gengar|[msg]","|cant|p2a: Gengar|par","|","|turn|54","|choice|move seismictoss 1|move sludgewave","|","|move|p1a: Super Fatty|Seismic Toss|p2a: Gengar","|-immune|p2a: Gengar|[msg]","|move|p2a: Gengar|Sludge Wave|p1a: Super Fatty","|-damage|p1a: Super Fatty|583/703","|","|turn|55","|choice|move healbell|move sludgewave","|","|move|p1a: Super Fatty|Heal Bell|p1a: Super Fatty","|-activate|p1a: Super Fatty|move: Heal Bell","|cant|p2a: Gengar|par","|","|turn|56","|choice|move healbell|move sludgewave","|","|move|p1a: Super Fatty|Heal Bell|p1a: Super Fatty","|-activate|p1a: Super Fatty|move: Heal Bell","|cant|p2a: Gengar|par","|","|turn|57","|choice|move thunderwave 1|move sludgewave","|","|move|p1a: Super Fatty|Thunder Wave|p2a: Gengar","|-fail|p2a: Gengar|par","|move|p2a: Gengar|Sludge Wave|p1a: Super Fatty","|-damage|p1a: Super Fatty|445/703","|","|turn|58","|choice|move seismictoss 1|move sludgewave","|","|move|p1a: Super Fatty|Seismic Toss|p2a: Gengar","|-immune|p2a: Gengar|[msg]","|move|p2a: Gengar|Sludge Wave|p1a: Super Fatty","|-damage|p1a: Super Fatty|322/703","|","|turn|59","|choice|move thunderwave 1|move sludgewave","|","|move|p1a: Super Fatty|Thunder Wave|p2a: Gengar","|-fail|p2a: Gengar|par","|move|p2a: Gengar|Sludge Wave|p1a: Super Fatty","|-damage|p1a: Super Fatty|193/703","|","|turn|60","|choice|move seismictoss 1|switch 2","|","|switch|p2a: Skarmory|Skarmory, F|291/333","|move|p1a: Super Fatty|Seismic Toss|p2a: Skarmory","|-damage|p2a: Skarmory|191/333","|-damage|p1a: Super Fatty|76/703|[from] item: Rocky Helmet|[of] p2a: Skarmory","|","|turn|61","|choice|move thunderwave 1|move ironhead 1","|","|move|p2a: Skarmory|Iron Head|p1a: Super Fatty","|-damage|p1a: Super Fatty|0 fnt","|faint|p1a: Super Fatty","|","|win|BatterBotto"],"p1rating":1059.5318203131883,"p2rating":1177.2057775017165,"endType":"normal"}