{"seed":[61812,3223,58869,26620],"turns":25,"p1":"BatterBotto","p2":"Elcrest ☢","p1team":[{"name":"U.N. Oven Was Her","species":"rotomheat","item":"leftovers","ability":"Levitate","moves":["overheat","voltswitch","painsplit","thunderwave"],"nature":"Bold","evs":{"hp":248,"atk":0,"def":216,"spa":0,"spd":0,"spe":44},"ivs":{"hp":31,"atk":0,"def":31,"spa":31,"spd":31,"spe":31}},{"name":"D'Artagnan","species":"keldeoresolute","item":"choicespecs","ability":"Justified","moves":["hydropump","secretsword","scald","icywind"],"nature":"Timid","evs":{"hp":0,"atk":0,"def":0,"spa":252,"spd":4,"spe":252},"ivs":{"hp":31,"atk":0,"def":31,"spa":31,"spd":31,"spe":31}},{"name":"Diglett Sr.","species":"excadrill","item":"lifeorb","ability":"Sand Rush","moves":["earthquake","ironhead","rockslide","rapidspin"],"nature":"Adamant","evs":{"hp":0,"atk":252,"def":4,"spa":0,"spd":0,"spe":252},"gender":"M","ivs":{"hp":31,"atk":31,"def":31,"spa":31,"spd":31,"spe":31}},{"name":"Armor","species":"tyranitar","item":"smoothrock","ability":"Sand Stream","moves":["rockslide","icebeam","stealthrock","pursuit"],"nature":"Sassy","evs":{"hp":252,"atk":0,"def":0,"spa":4,"spd":252,"spe":0},"gender":"M","ivs":{"hp":31,"atk":31,"def":31,"spa":31,"spd":31,"spe":31}},{"name":"SNEK STAHP","species":"serperior","item":"expertbelt","ability":"Contrary","moves":["leafstorm","hiddenpowerfire","dragonpulse","knockoff"],"nature":"Timid","evs":{"hp":0,"atk":0,"def":0,"spa":252,"spd":4,"spe":252},"gender":"F","ivs":{"hp":31,"atk":30,"def":31,"spa":30,"spd":31,"spe":30}},{"name":"Waifumon","species":"gardevoir","item":"gardevoirite","ability":"Trace","moves":["hypervoice","psyshock","taunt","healingwish"],"nature":"Timid","evs":{"hp":16,"atk":0,"def":8,"spa":232,"spd":0,"spe":252},"gender":"F","ivs":{"hp":31,"atk":0,"def":31,"spa":31,"spd":31,"spe":31}}],"p2team":[{"name":"Clefable","species":"Clefable","item":"leftovers","ability":"Magic Guard","moves":["cosmicpower","storedpower","moonblast","softboiled"],"nature":"Calm","evs":{"hp":252,"atk":0,"def":0,"spa":4,"spd":252,"spe":0},"ivs":{"hp":31,"atk":0,"def":31,"spa":31,"spd":31,"spe":31}},{"name":"Hawlucha","species":"Hawlucha","item":"powerherb","ability":"Unburden","moves":["acrobatics","skyattack","swordsdance","highjumpkick"],"nature":"Jolly","evs":{"hp":0,"atk":252,"def":0,"spa":0,"spd":4,"spe":252},"ivs":{"hp":31,"atk":31,"def":31,"spa":31,"spd":31,"spe":31}},{"name":"Sceptile","species":"Sceptile","item":"sceptilite","ability":"Overgrow","moves":["energyball","dragonpulse","focusblast","toxic"],"nature":"Timid","evs":{"hp":0,"atk":0,"def":0,"spa":252,"spd":4,"spe":252},"ivs":{"hp":31,"atk":0,"def":31,"spa":31,"spd":31,"spe":31}},{"name":"Dragonite","species":"Dragonite","item":"weaknesspolicy","ability":"Multiscale","moves":["extremespeed","dragondance","dragonclaw","earthquake"],"nature":"Jolly","evs":{"hp":4,"atk":0,"def":252,"spa":0,"spd":252,"spe":0},"ivs":{"hp":31,"atk":31,"def":31,"spa":31,"spd":31,"spe":31}},{"name":"Cloyster","species":"Cloyster","item":"focussash","ability":"Shell Armor","moves":["shellsmash","rockblast","iciclespear","razorshell"],"nature":"Jolly","evs":{"hp":0,"atk":252,"def":0,"spa":0,"spd":4,"spe":252},"ivs":{"hp":31,"atk":31,"def":31,"spa":31,"spd":31,"spe":31}},{"name":"Thundurus","species":"Thundurus-Therian","item":"lifeorb","ability":"Volt Absorb","moves":["thunderbolt","voltswitch","grassknot","flashcannon"],"nature":"Timid","evs":{"hp":0,"atk":0,"def":0,"spa":252,"spd":4,"spe":252},"ivs":{"hp":31,"atk":0,"def":31,"spa":31,"spd":31,"spe":31}}],"log":["|player|p1|BatterBotto|batterbotto.png","|player|p2|Elcrest ☢|273","|gametype|singles","|gen|6","|tier|OU","|rated","|seed|61812,3223,58869,26620","|clearpoke","|poke|p1|Rotom-Heat|item","|poke|p1|Keldeo-Resolute|item","|poke|p1|Excadrill, M|item","|poke|p1|Tyranitar, M|item","|poke|p1|Serperior, F|item","|poke|p1|Gardevoir, F|item","|poke|p2|Clefable, M|item","|poke|p2|Hawlucha, F|item","|poke|p2|Sceptile, M|item","|poke|p2|Dragonite, M|item","|poke|p2|Cloyster, F|item","|poke|p2|Thundurus-Therian, M|item","|rule|Swagger Clause: Swagger is banned","|rule|Baton Pass Clause: Limit one Baton Passer, can't pass Spe and other stats simultaneously","|rule|Sleep Clause Mod: Limit one foe put to sleep","|rule|Species Clause: Limit one of each Pokémon","|rule|OHKO Clause: OHKO moves are banned","|rule|Moody Clause: Moody is banned","|rule|Evasion Moves Clause: Evasion moves are banned","|rule|Endless Battle Clause: Forcing endless battles is banned","|rule|HP Percentage Mod: HP is shown in percentages","|teampreview","|choice|team 1, team 2, team 3, team 4, team 5, team 6|team 2, team 1, team 3, team 4, team 5, team 6","|","|start","|switch|p1a: U.N. Oven Was Her|Rotom-Heat|303/303","|switch|p2a: Hawlucha|Hawlucha, F|297/297","|turn|1","|choice|move thunderwave 1|move swordsdance","|","|move|p2a: Hawlucha|Swords Dance|p2a: Hawlucha","|-boost|p2a: Hawlucha|atk|2","|move|p1a: U.N. Oven Was Her|Thunder Wave|p2a: Hawlucha","|-status|p2a: Hawlucha|par","|","|turn|2","|choice|move voltswitch 1|move skyattack","|","|move|p1a: U.N. Oven Was Her|Volt Switch|p2a: Hawlucha","|-supereffective|p2a: Hawlucha","|-damage|p2a: Hawlucha|49/297 par","|choice|switch 6|","|","|switch|p1a: Waifumon|Gardevoir, F|281/281","|-ability|p1a: Waifumon|Unburden|[from] ability: Trace|[of] p2a: Hawlucha","|move|p2a: Hawlucha|Sky Attack|p1a: Waifumon|[still]","|-prepare|p2a: Hawlucha|Sky Attack|p1a: Waifumon","|-enditem|p2a: Hawlucha|Power Herb","|-anim|p2a: Hawlucha|Sky Attack|p1a: Waifumon","|-damage|p1a: Waifumon|0 fnt","|faint|p1a: Waifumon","|","|choice|switch 6|","|","|switch|p1a: U.N. Oven Was Her|Rotom-Heat|303/303","|turn|3","|choice|move voltswitch 1|move highjumpkick","|","|move|p1a: U.N. Oven Was Her|Volt Switch|p2a: Hawlucha","|-supereffective|p2a: Hawlucha","|-damage|p2a: Hawlucha|0 fnt","|faint|p2a: Hawlucha","|choice|switch 2|","|","|switch|p1a: D'Artagnan|Keldeo-Resolute|323/323","|","|choice||switch 6","|","|switch|p2a: Thundurus|Thundurus-Therian, M|299/299","|turn|4","|choice|move hydropump 1|move grassknot","|","|move|p1a: D'Artagnan|Hydro Pump|p2a: Thundurus|[miss]","|-miss|p1a: D'Artagnan|p2a: Thundurus","|move|p2a: Thundurus|Grass Knot|p1a: D'Artagnan","|-supereffective|p1a: D'Artagnan","|-damage|p1a: D'Artagnan|97/323","|-damage|p2a: Thundurus|270/299|[from] item: Life Orb","|","|turn|5","|choice|move hydropump 1|move grassknot","|","|move|p1a: D'Artagnan|Hydro Pump|p2a: Thundurus","|-damage|p2a: Thundurus|0 fnt","|faint|p2a: Thundurus","|","|choice||switch 3","|","|switch|p2a: Sceptile|Sceptile, M|281/281","|turn|6","|choice|move hydropump 1|move energyball mega","|","|detailschange|p2a: Sceptile|Sceptile-Mega, M","|-mega|p2a: Sceptile|Sceptile|Sceptilite","|move|p2a: Sceptile|Energy Ball|p1a: D'Artagnan","|-supereffective|p1a: D'Artagnan","|-damage|p1a: D'Artagnan|0 fnt","|faint|p1a: D'Artagnan","|","|choice|switch 3|","|","|switch|p1a: Diglett Sr.|Excadrill, M|361/361","|turn|7","|choice|move ironhead 1|move focusblast","|","|move|p2a: Sceptile|Focus Blast|p1a: Diglett Sr.","|-supereffective|p1a: Diglett Sr.","|-damage|p1a: Diglett Sr.|0 fnt","|faint|p1a: Diglett Sr.","|","|choice|switch 2|","|","|switch|p1a: U.N. Oven Was Her|Rotom-Heat|303/303","|turn|8","|choice|move overheat 1|switch 2","|","|switch|p2a: Clefable|Clefable, M|394/394","|move|p1a: U.N. Oven Was Her|Overheat|p2a: Clefable","|-damage|p2a: Clefable|282/394","|-unboost|p1a: U.N. Oven Was Her|spa|2","|","|-heal|p2a: Clefable|306/394|[from] item: Leftovers","|turn|9","|choice|move overheat 1|move cosmicpower","|","|move|p1a: U.N. Oven Was Her|Overheat|p2a: Clefable|[miss]","|-miss|p1a: U.N. Oven Was Her|p2a: Clefable","|move|p2a: Clefable|Cosmic Power|p2a: Clefable","|-boost|p2a: Clefable|def|1","|-boost|p2a: Clefable|spd|1","|","|-heal|p2a: Clefable|330/394|[from] item: Leftovers","|turn|10","|choice|switch 5|move cosmicpower","|","|switch|p1a: SNEK STAHP|Serperior, F|291/291","|move|p2a: Clefable|Cosmic Power|p2a: Clefable","|-boost|p2a: Clefable|def|1","|-boost|p2a: Clefable|spd|1","|","|-heal|p2a: Clefable|354/394|[from] item: Leftovers","|turn|11","|choice|switch 5|move storedpower","|","|switch|p1a: U.N. Oven Was Her|Rotom-Heat|303/303","|move|p2a: Clefable|Stored Power|p1a: U.N. Oven Was Her","|-damage|p1a: U.N. Oven Was Her|229/303","|","|-heal|p1a: U.N. Oven Was Her|247/303|[from] item: Leftovers","|-heal|p2a: Clefable|378/394|[from] item: Leftovers","|turn|12","|choice|move voltswitch 1|move cosmicpower","|","|move|p1a: U.N. Oven Was Her|Volt Switch|p2a: Clefable","|-damage|p2a: Clefable|342/394","|choice|switch 5|","|","|switch|p1a: SNEK STAHP|Serperior, F|291/291","|move|p2a: Clefable|Cosmic Power|p2a: Clefable","|-boost|p2a: Clefable|def|1","|-boost|p2a: Clefable|spd|1","|","|-heal|p2a: Clefable|366/394|[from] item: Leftovers","|turn|13","|choice|switch 5|move cosmicpower","|","|switch|p1a: U.N. Oven Was Her|Rotom-Heat|247/303","|move|p2a: Clefable|Cosmic Power|p2a: Clefable","|-boost|p2a: Clefable|def|1","|-boost|p2a: Clefable|spd|1","|","|-heal|p1a: U.N. Oven Was Her|265/303|[from] item: Leftovers","|-heal|p2a: Clefable|390/394|[from] item: Leftovers","|turn|14","|choice|move overheat 1|move cosmicpower","|","|move|p1a: U.N. Oven Was Her|Overheat|p2a: Clefable","|-damage|p2a: Clefable|347/394","|-unboost|p1a: U.N. Oven Was Her|spa|2","|move|p2a: Clefable|Cosmic Power|p2a: Clefable","|-boost|p2a: Clefable|def|1","|-boost|p2a: Clefable|spd|1","|","|-heal|p1a: U.N. Oven Was Her|283/303|[from] item: Leftovers","|-heal|p2a: Clefable|371/394|[from] item: Leftovers","|turn|15","|choice|switch 5|move cosmicpower","|","|switch|p1a: SNEK STAHP|Serperior, F|291/291","|move|p2a: Clefable|Cosmic Power|p2a: Clefable","|-boost|p2a: Clefable|def|1","|-boost|p2a: Clefable|spd|1","|","|-heal|p2a: Clefable|394/394|[from] item: Leftovers","|turn|16","|choice|switch 5|move storedpower","|","|switch|p1a: U.N. Oven Was Her|Rotom-Heat|283/303","|move|p2a: Clefable|Stored Power|p1a: U.N. Oven Was Her","|-damage|p1a: U.N. Oven Was Her|95/303","|","|-heal|p1a: U.N. Oven Was Her|113/303|[from] item: Leftovers","|turn|17","|choice|move painsplit 1|move storedpower","|","|move|p1a: U.N. Oven Was Her|Pain Split|p2a: Clefable","|-sethp|p2a: Clefable|253/394|p1a: U.N. Oven Was Her|253/303|[from] move: Pain Split","|move|p2a: Clefable|Stored Power|p1a: U.N. Oven Was Her","|-damage|p1a: U.N. Oven Was Her|67/303","|","|-heal|p1a: U.N. Oven Was Her|85/303|[from] item: Leftovers","|-heal|p2a: Clefable|277/394|[from] item: Leftovers","|turn|18","|choice|move painsplit 1|move storedpower","|","|move|p1a: U.N. Oven Was Her|Pain Split|p2a: Clefable","|-sethp|p2a: Clefable|181/394|p1a: U.N. Oven Was Her|181/303|[from] move: Pain Split","|move|p2a: Clefable|Stored Power|p1a: U.N. Oven Was Her","|-damage|p1a: U.N. Oven Was Her|0 fnt","|faint|p1a: U.N. Oven Was Her","|","|-heal|p2a: Clefable|205/394|[from] item: Leftovers","|choice|switch 5|","|","|switch|p1a: SNEK STAHP|Serperior, F|291/291","|turn|19","|choice|move hiddenpower 1|move storedpower","|","|move|p1a: SNEK STAHP|Hidden Power|p2a: Clefable","|-damage|p2a: Clefable|194/394","|move|p2a: Clefable|Stored Power|p1a: SNEK STAHP","|-damage|p1a: SNEK STAHP|78/291","|","|-heal|p2a: Clefable|218/394|[from] item: Leftovers","|turn|20","|choice|move knockoff 1|move storedpower","|","|move|p1a: SNEK STAHP|Knock Off|p2a: Clefable","|-resisted|p2a: Clefable","|-damage|p2a: Clefable|209/394","|-enditem|p2a: Clefable|Leftovers|[from] move: Knock Off|[of] p1a: SNEK STAHP","|move|p2a: Clefable|Stored Power|p1a: SNEK STAHP","|-damage|p1a: SNEK STAHP|0 fnt","|faint|p1a: SNEK STAHP","|","|choice|switch 4|","|","|switch|p1a: Armor|Tyranitar, M|404/404","|-weather|Sandstorm|[from] ability: Sand Stream|[of] p1a: Armor","|turn|21","|choice|move stealthrock|move moonblast","|","|move|p2a: Clefable|Moonblast|p1a: Armor","|-supereffective|p1a: Armor","|-damage|p1a: Armor|302/404","|move|p1a: Armor|Stealth Rock|p2a: Clefable","|-sidestart|p2: Elcrest ☢|move: Stealth Rock","|","|-weather|Sandstorm|[upkeep]","|turn|22","|choice|move icebeam 1|move moonblast","|","|move|p2a: Clefable|Moonblast|p1a: Armor","|-supereffective|p1a: Armor","|-damage|p1a: Armor|192/404","|move|p1a: Armor|Ice Beam|p2a: Clefable","|-damage|p2a: Clefable|194/394","|","|-weather|Sandstorm|[upkeep]","|turn|23","|choice|move rockslide|move softboiled","|","|move|p2a: Clefable|Soft-Boiled|p2a: Clefable","|-heal|p2a: Clefable|391/394","|move|p1a: Armor|Rock Slide|p2a: Clefable","|-damage|p2a: Clefable|352/394","|","|-weather|Sandstorm|[upkeep]","|turn|24","|choice|move pursuit 1|move moonblast","|","|move|p2a: Clefable|Moonblast|p1a: Armor","|-supereffective|p1a: Armor","|-damage|p1a: Armor|90/404","|move|p1a: Armor|Pursuit|p2a: Clefable","|-resisted|p2a: Clefable","|-damage|p2a: Clefable|342/394","|","|-weather|Sandstorm|[upkeep]","|turn|25","|choice|move pursuit 1|move moonblast","|","|move|p2a: Clefable|Moonblast|p1a: Armor","|-supereffective|p1a: Armor","|-damage|p1a: Armor|0 fnt","|faint|p1a: Armor","|","|win|Elcrest ☢"],"p1rating":1075.906390078704,"p2rating":1147.6124049329835,"endType":"normal"}