{"seed":[19847,10478,31213,52652],"turns":41,"p1":"FlareonDriod","p2":"BatterBotto","p1team":[{"name":"Beedrill","species":"Beedrill","item":"beedrillite","ability":"Swarm","moves":["uturn","poisonjab","drillrun","protect"],"nature":"Jolly","evs":{"hp":0,"atk":252,"def":0,"spa":0,"spd":4,"spe":252},"ivs":{"hp":31,"atk":31,"def":31,"spa":31,"spd":31,"spe":31}},{"name":"Whimsicott","species":"Whimsicott","item":"yacheberry","ability":"Prankster","moves":["gigadrain","moonblast","encore","uturn"],"nature":"Timid","evs":{"hp":0,"atk":0,"def":0,"spa":252,"spd":4,"spe":252},"ivs":{"hp":31,"atk":31,"def":31,"spa":31,"spd":31,"spe":31}},{"name":"Empoleon","species":"Empoleon","item":"leftovers","ability":"Torrent","moves":["scald","icebeam","stealthrock","defog"],"nature":"Calm","evs":{"hp":252,"atk":0,"def":0,"spa":4,"spd":252,"spe":0},"ivs":{"hp":31,"atk":0,"def":31,"spa":31,"spd":31,"spe":31}},{"name":"Reuniclus","species":"Reuniclus","item":"leftovers","ability":"Magic Guard","moves":["calmmind","psyshock","shadowball","recover"],"nature":"Bold","evs":{"hp":252,"atk":0,"def":252,"spa":4,"spd":0,"spe":0},"ivs":{"hp":31,"atk":0,"def":31,"spa":31,"spd":31,"spe":31}},{"name":"Toxicroak","species":"Toxicroak","item":"lifeorb","ability":"Dry Skin","moves":["swordsdance","gunkshot","drainpunch","suckerpunch"],"nature":"Jolly","evs":{"hp":0,"atk":252,"def":0,"spa":0,"spd":4,"spe":252},"ivs":{"hp":31,"atk":31,"def":31,"spa":31,"spd":31,"spe":31}},{"name":"Hydreigon","species":"Hydreigon","item":"choicescarf","ability":"Levitate","moves":["dracometeor","darkpulse","fireblast","uturn"],"nature":"Timid","evs":{"hp":0,"atk":0,"def":0,"spa":252,"spd":4,"spe":252},"ivs":{"hp":31,"atk":31,"def":31,"spa":31,"spd":31,"spe":31}}],"p2team":[{"name":"Seismitoad","species":"Seismitoad","item":"leftovers","ability":"Water Absorb","moves":["stealthrock","scald","earthpower","toxic"],"nature":"Bold","evs":{"hp":248,"atk":0,"def":240,"spa":0,"spd":20,"spe":0},"gender":"M","ivs":{"hp":31,"atk":0,"def":31,"spa":31,"spd":31,"spe":31}},{"name":"Skarmory","species":"Skarmory","item":"rockyhelmet","ability":"Sturdy","moves":["spikes","ironhead","roost","whirlwind"],"nature":"Impish","evs":{"hp":248,"atk":0,"def":0,"spa":0,"spd":236,"spe":24},"gender":"F","ivs":{"hp":31,"atk":31,"def":31,"spa":31,"spd":31,"spe":31}},{"name":"Clefable","species":"Clefable","item":"leftovers","ability":"Magic Guard","moves":["calmmind","moonblast","flamethrower","softboiled"],"nature":"Calm","evs":{"hp":252,"atk":0,"def":160,"spa":0,"spd":96,"spe":0},"gender":"F","ivs":{"hp":31,"atk":0,"def":31,"spa":31,"spd":31,"spe":31}},{"name":"Tyranitar","species":"Tyranitar","item":"choiceband","ability":"Sand Stream","moves":["pursuit","stoneedge","crunch","icepunch"],"nature":"Adamant","evs":{"hp":56,"atk":252,"def":4,"spa":0,"spd":0,"spe":196},"gender":"M","ivs":{"hp":31,"atk":31,"def":31,"spa":31,"spd":31,"spe":31}},{"name":"Gengar","species":"Gengar","item":"choicescarf","ability":"Levitate","moves":["shadowball","sludgewave","focusblast","trick"],"nature":"Timid","evs":{"hp":0,"atk":0,"def":0,"spa":252,"spd":4,"spe":252},"gender":"M","ivs":{"hp":31,"atk":0,"def":31,"spa":31,"spd":31,"spe":31},"shiny":true},{"name":"Latias","species":"Latias","item":"latiasite","ability":"Levitate","moves":["thunderbolt","icebeam","roost","thunderwave"],"nature":"Timid","evs":{"hp":248,"atk":0,"def":32,"spa":12,"spd":0,"spe":216},"ivs":{"hp":31,"atk":0,"def":31,"spa":31,"spd":31,"spe":31}}],"log":["|player|p1|FlareonDriod|flareondriod.png","|player|p2|BatterBotto|batterbotto.png","|gametype|singles","|gen|6","|tier|OU","|rated","|seed|19847,10478,31213,52652","|clearpoke","|poke|p1|Beedrill, M|item","|poke|p1|Whimsicott, M|item","|poke|p1|Empoleon, M|item","|poke|p1|Reuniclus, M|item","|poke|p1|Toxicroak, M|item","|poke|p1|Hydreigon, F|item","|poke|p2|Seismitoad, M|item","|poke|p2|Skarmory, F|item","|poke|p2|Clefable, F|item","|poke|p2|Tyranitar, M|item","|poke|p2|Gengar, M, shiny|item","|poke|p2|Latias, F|item","|rule|Swagger Clause: Swagger is banned","|rule|Baton Pass Clause: Limit one Baton Passer, can't pass Spe and other stats simultaneously","|rule|Sleep Clause Mod: Limit one foe put to sleep","|rule|Species Clause: Limit one of each Pokémon","|rule|OHKO Clause: OHKO moves are banned","|rule|Moody Clause: Moody is banned","|rule|Evasion Moves Clause: Evasion moves are banned","|rule|Endless Battle Clause: Forcing endless battles is banned","|rule|HP Percentage Mod: HP is shown in percentages","|teampreview","|choice|team 5, team 1, team 2, team 3, team 4, team 6|team 4, team 1, team 2, team 3, team 5, team 6","|","|start","|switch|p1a: Toxicroak|Toxicroak, M|307/307","|switch|p2a: Tyranitar|Tyranitar, M|355/355","|-weather|Sandstorm|[from] ability: Sand Stream|[of] p2a: Tyranitar","|turn|1","|choice|move drainpunch 1|switch 5","|","|switch|p2a: Gengar|Gengar, M, shiny|261/261","|move|p1a: Toxicroak|Drain Punch|p2a: Gengar","|-immune|p2a: Gengar|[msg]","|","|-weather|Sandstorm|[upkeep]","|-damage|p2a: Gengar|245/261|[from] sandstorm","|-damage|p1a: Toxicroak|288/307|[from] sandstorm","|turn|2","|choice|move suckerpunch 1|move shadowball 1","|","|move|p1a: Toxicroak|Sucker Punch|p2a: Gengar","|-supereffective|p2a: Gengar","|-damage|p2a: Gengar|0 fnt","|-damage|p1a: Toxicroak|258/307|[from] item: Life Orb","|faint|p2a: Gengar","|","|-weather|Sandstorm|[upkeep]","|-damage|p1a: Toxicroak|239/307|[from] sandstorm","|choice||switch 3","|","|switch|p2a: Skarmory|Skarmory, F|333/333","|turn|3","|choice|move swordsdance|move spikes","|","|move|p1a: Toxicroak|Swords Dance|p1a: Toxicroak","|-boost|p1a: Toxicroak|atk|2","|move|p2a: Skarmory|Spikes|p1a: Toxicroak","|-sidestart|p1: FlareonDriod|Spikes","|","|-weather|Sandstorm|[upkeep]","|-damage|p1a: Toxicroak|220/307|[from] sandstorm","|turn|4","|choice|move drainpunch 1|move whirlwind 1","|","|move|p1a: Toxicroak|Drain Punch|p2a: Skarmory","|-damage|p2a: Skarmory|134/333","|-heal|p1a: Toxicroak|307/307|[from] drain|[of] p2a: Skarmory","|-damage|p1a: Toxicroak|256/307|[from] item: Rocky Helmet|[of] p2a: Skarmory","|-damage|p1a: Toxicroak|226/307|[from] item: Life Orb","|move|p2a: Skarmory|Whirlwind|p1a: Toxicroak","|drag|p1a: Empoleon|Empoleon, M|372/372","|-damage|p1a: Empoleon|326/372|[from] Spikes","|","|-weather|Sandstorm|[upkeep]","|-heal|p1a: Empoleon|349/372|[from] item: Leftovers","|turn|5","|choice|move defog 1|switch 2","|","|switch|p2a: Seismitoad|Seismitoad, M|413/413","|move|p1a: Empoleon|Defog|p2a: Seismitoad","|-unboost|p2a: Seismitoad|evasion|1","|-sideend|p1: FlareonDriod|Spikes|[from] move: Defog|[of] p1a: Empoleon","|","|-weather|none","|-heal|p1a: Empoleon|372/372|[from] item: Leftovers","|turn|6","|choice|switch 3|move earthpower 1","|","|switch|p1a: Whimsicott|Whimsicott, M|261/261","|move|p2a: Seismitoad|Earth Power|p1a: Whimsicott","|-resisted|p1a: Whimsicott","|-damage|p1a: Whimsicott|201/261","|","|turn|7","|choice|move gigadrain 1|switch 2","|","|switch|p2a: Skarmory|Skarmory, F|134/333","|move|p1a: Whimsicott|Giga Drain|p2a: Skarmory","|-resisted|p2a: Skarmory","|-damage|p2a: Skarmory|109/333","|-heal|p1a: Whimsicott|214/261|[from] drain|[of] p2a: Skarmory","|","|turn|8","|choice|move moonblast 1|move roost","|","|move|p1a: Whimsicott|Moonblast|p2a: Skarmory","|-resisted|p2a: Skarmory","|-damage|p2a: Skarmory|46/333","|move|p2a: Skarmory|Roost|p2a: Skarmory","|-heal|p2a: Skarmory|213/333","|","|turn|9","|choice|switch 3|move roost","|","|switch|p1a: Empoleon|Empoleon, M|372/372","|move|p2a: Skarmory|Roost|p2a: Skarmory","|-heal|p2a: Skarmory|333/333","|","|turn|10","|choice|move stealthrock|switch 2","|","|switch|p2a: Seismitoad|Seismitoad, M|413/413","|move|p1a: Empoleon|Stealth Rock|p2a: Seismitoad","|-sidestart|p2: BatterBotto|move: Stealth Rock","|","|turn|11","|choice|switch 3|move earthpower 1","|","|switch|p1a: Whimsicott|Whimsicott, M|214/261","|move|p2a: Seismitoad|Earth Power|p1a: Whimsicott","|-resisted|p1a: Whimsicott","|-damage|p1a: Whimsicott|153/261","|","|turn|12","|choice|move gigadrain 1|switch 2","|","|switch|p2a: Skarmory|Skarmory, F|333/333","|-damage|p2a: Skarmory|292/333|[from] Stealth Rock","|move|p1a: Whimsicott|Giga Drain|p2a: Skarmory","|-resisted|p2a: Skarmory","|-damage|p2a: Skarmory|267/333","|-heal|p1a: Whimsicott|166/261|[from] drain|[of] p2a: Skarmory","|","|turn|13","|choice|switch 3|move roost","|","|switch|p1a: Empoleon|Empoleon, M|372/372","|move|p2a: Skarmory|Roost|p2a: Skarmory","|-heal|p2a: Skarmory|333/333","|","|turn|14","|choice|move scald 1|switch 2","|","|switch|p2a: Seismitoad|Seismitoad, M|413/413","|-damage|p2a: Seismitoad|388/413|[from] Stealth Rock","|move|p1a: Empoleon|Scald|p2a: Seismitoad","|-heal|p2a: Seismitoad|413/413|[from] ability: Water Absorb|[of] p1a: Empoleon","|","|turn|15","|choice|switch 3|move stealthrock","|","|switch|p1a: Whimsicott|Whimsicott, M|166/261","|move|p2a: Seismitoad|Stealth Rock|p1a: Whimsicott","|-sidestart|p1: FlareonDriod|move: Stealth Rock","|","|turn|16","|choice|move gigadrain 1|switch 2","|","|switch|p2a: Skarmory|Skarmory, F|333/333","|-damage|p2a: Skarmory|292/333|[from] Stealth Rock","|move|p1a: Whimsicott|Giga Drain|p2a: Skarmory","|-resisted|p2a: Skarmory","|-damage|p2a: Skarmory|270/333","|-heal|p1a: Whimsicott|177/261|[from] drain|[of] p2a: Skarmory","|","|turn|17","|choice|switch 3|move spikes","|","|switch|p1a: Empoleon|Empoleon, M|372/372","|-damage|p1a: Empoleon|349/372|[from] Stealth Rock","|move|p2a: Skarmory|Spikes|p1a: Empoleon","|-sidestart|p1: FlareonDriod|Spikes","|","|-heal|p1a: Empoleon|372/372|[from] item: Leftovers","|turn|18","|choice|move scald 1|switch 2","|","|switch|p2a: Seismitoad|Seismitoad, M|413/413","|-damage|p2a: Seismitoad|388/413|[from] Stealth Rock","|move|p1a: Empoleon|Scald|p2a: Seismitoad","|-heal|p2a: Seismitoad|413/413|[from] ability: Water Absorb|[of] p1a: Empoleon","|","|turn|19","|choice|switch 3|move earthpower 1","|","|switch|p1a: Whimsicott|Whimsicott, M|177/261","|-damage|p1a: Whimsicott|145/261|[from] Stealth Rock","|-damage|p1a: Whimsicott|113/261|[from] Spikes","|move|p2a: Seismitoad|Earth Power|p1a: Whimsicott","|-resisted|p1a: Whimsicott","|-damage|p1a: Whimsicott|56/261","|","|turn|20","|choice|move gigadrain 1|move earthpower 1","|","|move|p1a: Whimsicott|Giga Drain|p2a: Seismitoad","|-supereffective|p2a: Seismitoad","|-damage|p2a: Seismitoad|0 fnt","|-heal|p1a: Whimsicott|261/261|[from] drain|[of] p2a: Seismitoad","|faint|p2a: Seismitoad","|","|choice||switch 2","|","|switch|p2a: Skarmory|Skarmory, F|270/333","|-damage|p2a: Skarmory|229/333|[from] Stealth Rock","|turn|21","|choice|switch 3|move spikes","|","|switch|p1a: Empoleon|Empoleon, M|372/372","|-damage|p1a: Empoleon|326/372|[from] Spikes","|-damage|p1a: Empoleon|303/372|[from] Stealth Rock","|move|p2a: Skarmory|Spikes|p1a: Empoleon","|-sidestart|p1: FlareonDriod|Spikes","|","|-heal|p1a: Empoleon|326/372|[from] item: Leftovers","|turn|22","|choice|move defog 1|switch 6","|","|switch|p2a: Latias|Latias, F|363/363","|-damage|p2a: Latias|318/363|[from] Stealth Rock","|move|p1a: Empoleon|Defog|p2a: Latias","|-unboost|p2a: Latias|evasion|1","|-sideend|p2: BatterBotto|Stealth Rock|[from] move: Defog|[of] p2a: Latias","|-sideend|p1: FlareonDriod|Spikes|[from] move: Defog|[of] p1a: Empoleon","|-sideend|p1: FlareonDriod|Stealth Rock|[from] move: Defog|[of] p1a: Empoleon","|","|-heal|p1a: Empoleon|349/372|[from] item: Leftovers","|turn|23","|choice|switch 3|move thunderwave 1 mega","|","|switch|p1a: Whimsicott|Whimsicott, M|261/261","|detailschange|p2a: Latias|Latias-Mega, F","|-mega|p2a: Latias|Latias|Latiasite","|move|p2a: Latias|Thunder Wave|p1a: Whimsicott","|-status|p1a: Whimsicott|par","|","|turn|24","|choice|move moonblast 1|move icebeam 1","|","|move|p2a: Latias|Ice Beam|p1a: Whimsicott","|-supereffective|p1a: Whimsicott","|-enditem|p1a: Whimsicott|Yache Berry|[eat]","|-enditem|p1a: Whimsicott|Yache Berry|[weaken]","|-damage|p1a: Whimsicott|148/261 par","|move|p1a: Whimsicott|Moonblast|p2a: Latias","|-supereffective|p2a: Latias","|-damage|p2a: Latias|154/363","|","|turn|25","|choice|move moonblast 1|move roost","|","|move|p2a: Latias|Roost|p2a: Latias","|-heal|p2a: Latias|336/363","|move|p1a: Whimsicott|Moonblast|p2a: Latias","|-supereffective|p2a: Latias","|-damage|p2a: Latias|172/363","|","|turn|26","|choice|move moonblast 1|move roost","|","|move|p2a: Latias|Roost|p2a: Latias","|-heal|p2a: Latias|354/363","|cant|p1a: Whimsicott|par","|","|turn|27","|choice|move moonblast 1|move icebeam 1","|","|move|p2a: Latias|Ice Beam|p1a: Whimsicott","|-supereffective|p1a: Whimsicott","|-damage|p1a: Whimsicott|0 fnt","|faint|p1a: Whimsicott","|","|choice|switch 3|","|","|switch|p1a: Empoleon|Empoleon, M|349/372","|turn|28","|choice|move stealthrock|move thunderwave 1","|","|move|p2a: Latias|Thunder Wave|p1a: Empoleon","|-status|p1a: Empoleon|par","|move|p1a: Empoleon|Stealth Rock|p2a: Latias","|-sidestart|p2: BatterBotto|move: Stealth Rock","|","|-heal|p1a: Empoleon|372/372 par|[from] item: Leftovers","|turn|29","|choice|move icebeam 1|move thunderbolt 1","|","|move|p2a: Latias|Thunderbolt|p1a: Empoleon","|-supereffective|p1a: Empoleon","|-damage|p1a: Empoleon|236/372 par","|move|p1a: Empoleon|Ice Beam|p2a: Latias","|-supereffective|p2a: Latias","|-damage|p2a: Latias|246/363","|","|-heal|p1a: Empoleon|259/372 par|[from] item: Leftovers","|turn|30","|choice|move icebeam 1|move roost","|","|move|p2a: Latias|Roost|p2a: Latias","|-heal|p2a: Latias|363/363","|move|p1a: Empoleon|Ice Beam|p2a: Latias","|-supereffective|p2a: Latias","|-damage|p2a: Latias|249/363","|","|-heal|p1a: Empoleon|282/372 par|[from] item: Leftovers","|turn|31","|choice|move icebeam 1|move thunderbolt 1","|","|move|p2a: Latias|Thunderbolt|p1a: Empoleon","|-supereffective|p1a: Empoleon","|-damage|p1a: Empoleon|144/372 par","|move|p1a: Empoleon|Ice Beam|p2a: Latias","|-supereffective|p2a: Latias","|-damage|p2a: Latias|139/363","|","|-heal|p1a: Empoleon|167/372 par|[from] item: Leftovers","|turn|32","|choice|move icebeam 1|move thunderbolt 1","|","|move|p2a: Latias|Thunderbolt|p1a: Empoleon","|-supereffective|p1a: Empoleon","|-damage|p1a: Empoleon|23/372 par","|move|p1a: Empoleon|Ice Beam|p2a: Latias","|-supereffective|p2a: Latias","|-damage|p2a: Latias|37/363","|","|-heal|p1a: Empoleon|46/372 par|[from] item: Leftovers","|turn|33","|choice|move scald 1|move thunderbolt 1","|","|move|p2a: Latias|Thunderbolt|p1a: Empoleon","|-supereffective|p1a: Empoleon","|-damage|p1a: Empoleon|0 fnt","|faint|p1a: Empoleon","|","|choice|switch 5|","|","|switch|p1a: Reuniclus|Reuniclus, M|424/424","|turn|34","|choice|move psyshock 1|move icebeam 1","|","|move|p2a: Latias|Ice Beam|p1a: Reuniclus","|-damage|p1a: Reuniclus|305/424","|move|p1a: Reuniclus|Psyshock|p2a: Latias","|-resisted|p2a: Latias","|-damage|p2a: Latias|0 fnt","|faint|p2a: Latias","|","|-heal|p1a: Reuniclus|331/424|[from] item: Leftovers","|choice||switch 5","|","|switch|p2a: Tyranitar|Tyranitar, M|355/355","|-damage|p2a: Tyranitar|311/355|[from] Stealth Rock","|-weather|Sandstorm|[from] ability: Sand Stream|[of] p2a: Tyranitar","|turn|35","|choice|switch 4|move crunch 1","|","|switch|p1a: Toxicroak|Toxicroak, M|226/307","|move|p2a: Tyranitar|Crunch|p1a: Toxicroak","|-resisted|p1a: Toxicroak","|-damage|p1a: Toxicroak|48/307","|","|-weather|Sandstorm|[upkeep]","|-damage|p1a: Toxicroak|29/307|[from] sandstorm","|turn|36","|choice|move drainpunch 1|move crunch 1","|","|move|p1a: Toxicroak|Drain Punch|p2a: Tyranitar","|-supereffective|p2a: Tyranitar","|-crit|p2a: Tyranitar","|-damage|p2a: Tyranitar|0 fnt","|-heal|p1a: Toxicroak|185/307|[from] drain|[of] p2a: Tyranitar","|-damage|p1a: Toxicroak|155/307|[from] item: Life Orb","|faint|p2a: Tyranitar","|","|-weather|Sandstorm|[upkeep]","|-damage|p1a: Toxicroak|136/307|[from] sandstorm","|choice||switch 6","|","|switch|p2a: Skarmory|Skarmory, F|229/333","|-damage|p2a: Skarmory|188/333|[from] Stealth Rock","|turn|37","|choice|move suckerpunch 1|move spikes","|","|move|p1a: Toxicroak|Sucker Punch|p2a: Skarmory|[still]","|-fail|p1a: Toxicroak","|move|p2a: Skarmory|Spikes|p1a: Toxicroak","|-sidestart|p1: FlareonDriod|Spikes","|","|-weather|Sandstorm|[upkeep]","|-damage|p1a: Toxicroak|117/307|[from] sandstorm","|turn|38","|choice|move drainpunch 1|move spikes","|","|move|p1a: Toxicroak|Drain Punch|p2a: Skarmory","|-crit|p2a: Skarmory","|-damage|p2a: Skarmory|19/333","|-heal|p1a: Toxicroak|202/307|[from] drain|[of] p2a: Skarmory","|-damage|p1a: Toxicroak|151/307|[from] item: Rocky Helmet|[of] p2a: Skarmory","|-damage|p1a: Toxicroak|121/307|[from] item: Life Orb","|move|p2a: Skarmory|Spikes|p1a: Toxicroak","|-sidestart|p1: FlareonDriod|Spikes","|","|-weather|Sandstorm|[upkeep]","|-damage|p1a: Toxicroak|102/307|[from] sandstorm","|turn|39","|choice|move suckerpunch 1|move spikes","|","|move|p1a: Toxicroak|Sucker Punch|p2a: Skarmory|[still]","|-fail|p1a: Toxicroak","|move|p2a: Skarmory|Spikes|p1a: Toxicroak","|-sidestart|p1: FlareonDriod|Spikes","|","|-weather|none","|turn|40","|choice|move suckerpunch 1|move ironhead 1","|","|move|p1a: Toxicroak|Sucker Punch|p2a: Skarmory","|-damage|p2a: Skarmory|0 fnt","|-damage|p1a: Toxicroak|51/307|[from] item: Rocky Helmet|[of] p2a: Skarmory","|-damage|p1a: Toxicroak|21/307|[from] item: Life Orb","|faint|p2a: Skarmory","|","|choice||switch 4","|","|switch|p2a: Clefable|Clefable, F|394/394","|turn|41","|choice|move gunkshot 1|move moonblast 1","|","|move|p1a: Toxicroak|Gunk Shot|p2a: Clefable","|-supereffective|p2a: Clefable","|-damage|p2a: Clefable|0 fnt","|-damage|p1a: Toxicroak|0 fnt|[from] item: Life Orb","|faint|p2a: Clefable","|faint|p1a: Toxicroak","|","|win|FlareonDriod"],"p1rating":1182.917239409261,"p2rating":1088.6400323468936,"endType":"normal"}