{"seed":[10838,25815,16814,18030],"turns":61,"p1":"BatterBotto","p2":"FlareonDriod","p1team":[{"name":"Seismitoad","species":"Seismitoad","item":"leftovers","ability":"Water Absorb","moves":["stealthrock","scald","earthpower","toxic"],"nature":"Bold","evs":{"hp":248,"atk":0,"def":240,"spa":0,"spd":20,"spe":0},"gender":"M","ivs":{"hp":31,"atk":0,"def":31,"spa":31,"spd":31,"spe":31}},{"name":"Skarmory","species":"Skarmory","item":"rockyhelmet","ability":"Sturdy","moves":["spikes","ironhead","roost","whirlwind"],"nature":"Impish","evs":{"hp":248,"atk":0,"def":0,"spa":0,"spd":236,"spe":24},"gender":"F","ivs":{"hp":31,"atk":31,"def":31,"spa":31,"spd":31,"spe":31}},{"name":"Clefable","species":"Clefable","item":"leftovers","ability":"Magic Guard","moves":["calmmind","moonblast","flamethrower","softboiled"],"nature":"Calm","evs":{"hp":252,"atk":0,"def":160,"spa":0,"spd":96,"spe":0},"gender":"F","ivs":{"hp":31,"atk":0,"def":31,"spa":31,"spd":31,"spe":31}},{"name":"Tyranitar","species":"Tyranitar","item":"choiceband","ability":"Sand Stream","moves":["pursuit","stoneedge","crunch","icepunch"],"nature":"Adamant","evs":{"hp":56,"atk":252,"def":4,"spa":0,"spd":0,"spe":196},"gender":"M","ivs":{"hp":31,"atk":31,"def":31,"spa":31,"spd":31,"spe":31}},{"name":"Gengar","species":"Gengar","item":"choicescarf","ability":"Levitate","moves":["shadowball","sludgewave","focusblast","trick"],"nature":"Timid","evs":{"hp":0,"atk":0,"def":0,"spa":252,"spd":4,"spe":252},"gender":"M","ivs":{"hp":31,"atk":0,"def":31,"spa":31,"spd":31,"spe":31},"shiny":true},{"name":"Latias","species":"Latias","item":"latiasite","ability":"Levitate","moves":["thunderbolt","icebeam","roost","thunderwave"],"nature":"Timid","evs":{"hp":248,"atk":0,"def":32,"spa":12,"spd":0,"spe":216},"ivs":{"hp":31,"atk":0,"def":31,"spa":31,"spd":31,"spe":31}}],"p2team":[{"name":"Pinky","species":"weavile","item":"lifeorb","ability":"Pressure","moves":["knockoff","iciclecrash","iceshard","pursuit"],"nature":"Jolly","evs":{"hp":0,"atk":252,"def":4,"spa":0,"spd":0,"spe":252},"gender":"F","shiny":true,"ivs":{"hp":31,"atk":31,"def":31,"spa":31,"spd":31,"spe":31}},{"name":"Dog","species":"manectric","item":"manectite","ability":"Lightning Rod","moves":["voltswitch","thunderbolt","overheat","hiddenpowerice"],"nature":"Timid","evs":{"hp":0,"atk":0,"def":4,"spa":252,"spd":0,"spe":252},"gender":"F","ivs":{"hp":31,"atk":30,"def":30,"spa":31,"spd":31,"spe":31},"shiny":true},{"name":"Fatty","species":"azumarill","item":"choicescarf","ability":"Huge Power","moves":["playrough","aquajet","waterfall","superpower"],"nature":"Adamant","evs":{"hp":4,"atk":252,"def":0,"spa":0,"spd":0,"spe":252},"gender":"F","shiny":true,"ivs":{"hp":31,"atk":31,"def":31,"spa":31,"spd":31,"spe":31}},{"name":"Bird","species":"talonflame","item":"lifeorb","ability":"Gale Wings","moves":["bravebird","flareblitz","roost","willowisp"],"nature":"Adamant","evs":{"hp":252,"atk":252,"def":0,"spa":0,"spd":4,"spe":0},"shiny":true,"ivs":{"hp":31,"atk":31,"def":31,"spa":31,"spd":31,"spe":31}},{"name":"Super Fatty","species":"chansey","item":"eviolite","ability":"Natural Cure","moves":["healbell","wish","seismictoss","thunderwave"],"nature":"Bold","evs":{"hp":248,"atk":0,"def":8,"spa":0,"spd":252,"spe":0},"ivs":{"hp":31,"atk":31,"def":31,"spa":31,"spd":31,"spe":31}},{"name":"Horned","species":"excadrill","item":"lifeorb","ability":"Mold Breaker","moves":["earthquake","rockslide","stealthrock","rapidspin"],"nature":"Adamant","evs":{"hp":0,"atk":252,"def":0,"spa":0,"spd":4,"spe":252},"gender":"M","shiny":true,"ivs":{"hp":31,"atk":31,"def":31,"spa":31,"spd":31,"spe":31}}],"log":["|player|p1|BatterBotto|batterbotto.png","|player|p2|FlareonDriod|flareondriod.png","|gametype|singles","|gen|6","|tier|OU","|rated","|seed|10838,25815,16814,18030","|clearpoke","|poke|p1|Seismitoad, M|item","|poke|p1|Skarmory, F|item","|poke|p1|Clefable, F|item","|poke|p1|Tyranitar, M|item","|poke|p1|Gengar, M, shiny|item","|poke|p1|Latias, F|item","|poke|p2|Weavile, F, shiny|item","|poke|p2|Manectric, F, shiny|item","|poke|p2|Azumarill, F, shiny|item","|poke|p2|Talonflame, F, shiny|item","|poke|p2|Chansey, F|item","|poke|p2|Excadrill, M, shiny|item","|rule|Swagger Clause: Swagger is banned","|rule|Baton Pass Clause: Limit one Baton Passer, can't pass Spe and other stats simultaneously","|rule|Sleep Clause Mod: Limit one foe put to sleep","|rule|Species Clause: Limit one of each Pokémon","|rule|OHKO Clause: OHKO moves are banned","|rule|Moody Clause: Moody is banned","|rule|Evasion Moves Clause: Evasion moves are banned","|rule|Endless Battle Clause: Forcing endless battles is banned","|rule|HP Percentage Mod: HP is shown in percentages","|teampreview","|choice|team 3, team 1, team 2, team 4, team 5, team 6|team 3, team 1, team 2, team 4, team 5, team 6","|","|start","|switch|p1a: Clefable|Clefable, F|394/394","|switch|p2a: Fatty|Azumarill, F, shiny|342/342","|turn|1","|choice|switch 5|move playrough 1","|","|switch|p1a: Gengar|Gengar, M, shiny|261/261","|move|p2a: Fatty|Play Rough|p1a: Gengar","|-resisted|p1a: Gengar","|-damage|p1a: Gengar|115/261","|","|turn|2","|choice|move sludgewave|move playrough 1","|","|move|p1a: Gengar|Sludge Wave|p2a: Fatty","|-supereffective|p2a: Fatty","|-damage|p2a: Fatty|0 fnt","|faint|p2a: Fatty","|","|choice||switch 6","|","|switch|p2a: Horned|Excadrill, M, shiny|361/361","|-ability|p2a: Horned|Mold Breaker","|turn|3","|choice|switch 3|move rockslide","|","|switch|p1a: Skarmory|Skarmory, F|333/333","|move|p2a: Horned|Rock Slide|p1a: Skarmory|[miss]","|-miss|p2a: Horned|p1a: Skarmory","|","|turn|4","|choice|move spikes|move rockslide","|","|move|p2a: Horned|Rock Slide|p1a: Skarmory","|-damage|p1a: Skarmory|239/333","|-damage|p2a: Horned|325/361|[from] item: Life Orb","|move|p1a: Skarmory|Spikes|p2a: Horned","|-sidestart|p2: FlareonDriod|Spikes","|","|turn|5","|choice|move spikes|move rockslide","|","|move|p2a: Horned|Rock Slide|p1a: Skarmory","|-damage|p1a: Skarmory|149/333","|-damage|p2a: Horned|289/361|[from] item: Life Orb","|cant|p1a: Skarmory|flinch","|","|turn|6","|choice|move ironhead 1|move rockslide","|","|move|p2a: Horned|Rock Slide|p1a: Skarmory","|-damage|p1a: Skarmory|65/333","|-damage|p2a: Horned|253/361|[from] item: Life Orb","|move|p1a: Skarmory|Iron Head|p2a: Horned","|-resisted|p2a: Horned","|-damage|p2a: Horned|196/361","|","|turn|7","|choice|move spikes|move rockslide","|","|move|p2a: Horned|Rock Slide|p1a: Skarmory","|-damage|p1a: Skarmory|0 fnt","|-damage|p2a: Horned|160/361|[from] item: Life Orb","|faint|p1a: Skarmory","|","|choice|switch 6|","|","|switch|p1a: Latias|Latias, F|363/363","|turn|8","|choice|move icebeam 1 mega|move earthquake","|","|detailschange|p1a: Latias|Latias-Mega, F","|-mega|p1a: Latias|Latias|Latiasite","|move|p1a: Latias|Ice Beam|p2a: Horned","|-damage|p2a: Horned|16/361","|move|p2a: Horned|Earthquake|p1a: Latias","|-damage|p1a: Latias|149/363","|-damage|p2a: Horned|0 fnt|[from] item: Life Orb","|faint|p2a: Horned","|","|choice||switch 2","|","|switch|p2a: Pinky|Weavile, F, shiny|281/281","|-damage|p2a: Pinky|246/281|[from] Spikes","|-ability|p2a: Pinky|Pressure","|turn|9","|choice|switch 4|move iceshard 1","|","|switch|p1a: Tyranitar|Tyranitar, M|355/355","|-weather|Sandstorm|[from] ability: Sand Stream|[of] p1a: Tyranitar","|move|p2a: Pinky|Ice Shard|p1a: Tyranitar","|-damage|p1a: Tyranitar|268/355","|-damage|p2a: Pinky|218/281|[from] item: Life Orb","|","|-weather|Sandstorm|[upkeep]","|-damage|p2a: Pinky|201/281|[from] sandstorm","|turn|10","|choice|move stoneedge 1|move iciclecrash 1","|","|move|p2a: Pinky|Icicle Crash|p1a: Tyranitar","|-damage|p1a: Tyranitar|99/355","|-damage|p2a: Pinky|173/281|[from] item: Life Orb","|move|p1a: Tyranitar|Stone Edge|p2a: Pinky","|-supereffective|p2a: Pinky","|-damage|p2a: Pinky|0 fnt","|faint|p2a: Pinky","|","|-weather|Sandstorm|[upkeep]","|choice||switch 3","|","|switch|p2a: Dog|Manectric, F, shiny|281/281","|-damage|p2a: Dog|246/281|[from] Spikes","|turn|11","|choice|move stoneedge 1|move thunderbolt 1 mega","|","|detailschange|p2a: Dog|Manectric-Mega, F, shiny","|-mega|p2a: Dog|Manectric|Manectite","|-ability|p2a: Dog|Intimidate|boost","|-unboost|p1a: Tyranitar|atk|1","|move|p2a: Dog|Thunderbolt|p1a: Tyranitar","|-damage|p1a: Tyranitar|0 fnt","|faint|p1a: Tyranitar","|","|-weather|Sandstorm|[upkeep]","|-damage|p2a: Dog|229/281|[from] sandstorm","|choice|switch 2|","|","|switch|p1a: Seismitoad|Seismitoad, M|413/413","|turn|12","|choice|move earthpower 1|switch 4","|","|switch|p2a: Bird|Talonflame, F, shiny|360/360","|move|p1a: Seismitoad|Earth Power|p2a: Bird","|-immune|p2a: Bird|[msg]","|","|-weather|Sandstorm|[upkeep]","|-damage|p2a: Bird|338/360|[from] sandstorm","|turn|13","|choice|move scald 1|move willowisp 1","|","|move|p2a: Bird|Will-O-Wisp|p1a: Seismitoad","|-status|p1a: Seismitoad|brn","|move|p1a: Seismitoad|Scald|p2a: Bird","|-supereffective|p2a: Bird","|-damage|p2a: Bird|122/360","|","|-weather|none","|-damage|p1a: Seismitoad|362/413 brn|[from] brn","|turn|14","|choice|move scald 1|move bravebird 1","|","|move|p2a: Bird|Brave Bird|p1a: Seismitoad","|-damage|p1a: Seismitoad|174/413 brn","|-damage|p2a: Bird|60/360|[from] recoil|[of] p1a: Seismitoad","|-damage|p2a: Bird|24/360|[from] item: Life Orb","|move|p1a: Seismitoad|Scald|p2a: Bird","|-supereffective|p2a: Bird","|-damage|p2a: Bird|0 fnt","|faint|p2a: Bird","|","|-heal|p1a: Seismitoad|199/413 brn|[from] item: Leftovers","|-damage|p1a: Seismitoad|148/413 brn|[from] brn","|choice||switch 5","|","|switch|p2a: Super Fatty|Chansey, F|703/703","|-damage|p2a: Super Fatty|616/703|[from] Spikes","|turn|15","|choice|switch 3|move wish","|","|switch|p1a: Gengar|Gengar, M, shiny|115/261","|move|p2a: Super Fatty|Wish|p2a: Super Fatty","|","|turn|16","|choice|move focusblast 1|move thunderwave 1","|","|move|p1a: Gengar|Focus Blast|p2a: Super Fatty","|-supereffective|p2a: Super Fatty","|-damage|p2a: Super Fatty|470/703","|move|p2a: Super Fatty|Thunder Wave|p1a: Gengar","|-status|p1a: Gengar|par","|","|-heal|p2a: Super Fatty|703/703|[from] move: Wish|[wisher] Super Fatty","|turn|17","|choice|move focusblast 1|move wish","|","|move|p2a: Super Fatty|Wish|p2a: Super Fatty","|move|p1a: Gengar|Focus Blast|p2a: Super Fatty","|-supereffective|p2a: Super Fatty","|-crit|p2a: Super Fatty","|-damage|p2a: Super Fatty|495/703","|","|turn|18","|choice|move focusblast 1|switch 4","|","|switch|p2a: Dog|Manectric-Mega, F, shiny|229/281","|-damage|p2a: Dog|194/281|[from] Spikes","|-ability|p2a: Dog|Intimidate|boost","|-unboost|p1a: Gengar|atk|1","|move|p1a: Gengar|Focus Blast|p2a: Dog|[miss]","|-miss|p1a: Gengar|p2a: Dog","|","|-heal|p2a: Dog|281/281|[from] move: Wish|[wisher] Super Fatty","|turn|19","|choice|move focusblast 1|move thunderbolt 1","|","|move|p2a: Dog|Thunderbolt|p1a: Gengar","|-damage|p1a: Gengar|0 fnt","|faint|p1a: Gengar","|","|choice|switch 3|","|","|switch|p1a: Seismitoad|Seismitoad, M|148/413 brn","|turn|20","|choice|move toxic 1|move hiddenpower 1","|","|move|p2a: Dog|Hidden Power|p1a: Seismitoad","|-damage|p1a: Seismitoad|61/413 brn","|move|p1a: Seismitoad|Toxic|p2a: Dog","|-status|p2a: Dog|tox","|","|-heal|p1a: Seismitoad|86/413 brn|[from] item: Leftovers","|-damage|p2a: Dog|264/281 tox|[from] psn","|-damage|p1a: Seismitoad|35/413 brn|[from] brn","|turn|21","|choice|move stealthrock|move hiddenpower 1","|","|move|p2a: Dog|Hidden Power|p1a: Seismitoad","|-damage|p1a: Seismitoad|0 fnt","|faint|p1a: Seismitoad","|","|-damage|p2a: Dog|230/281 tox|[from] psn","|choice|switch 4|","|","|switch|p1a: Latias|Latias-Mega, F|149/363","|turn|22","|choice|move roost|move hiddenpower 1","|","|move|p2a: Dog|Hidden Power|p1a: Latias","|-supereffective|p1a: Latias","|-damage|p1a: Latias|39/363","|move|p1a: Latias|Roost|p1a: Latias","|-heal|p1a: Latias|221/363","|","|-damage|p2a: Dog|179/281 tox|[from] psn","|turn|23","|choice|move roost|move hiddenpower 1","|","|move|p2a: Dog|Hidden Power|p1a: Latias","|-supereffective|p1a: Latias","|-damage|p1a: Latias|121/363","|move|p1a: Latias|Roost|p1a: Latias","|-heal|p1a: Latias|303/363","|","|-damage|p2a: Dog|111/281 tox|[from] psn","|turn|24","|choice|move roost|move hiddenpower 1","|","|move|p2a: Dog|Hidden Power|p1a: Latias","|-supereffective|p1a: Latias","|-damage|p1a: Latias|191/363","|move|p1a: Latias|Roost|p1a: Latias","|-heal|p1a: Latias|363/363","|","|-damage|p2a: Dog|26/281 tox|[from] psn","|turn|25","|choice|move icebeam 1|move hiddenpower 1","|","|move|p2a: Dog|Hidden Power|p1a: Latias","|-supereffective|p1a: Latias","|-damage|p1a: Latias|255/363","|move|p1a: Latias|Ice Beam|p2a: Dog","|-damage|p2a: Dog|0 fnt","|faint|p2a: Dog","|","|choice||switch 4","|","|switch|p2a: Super Fatty|Chansey, F|495/703","|-damage|p2a: Super Fatty|408/703|[from] Spikes","|turn|26","|choice|switch 5|move thunderwave 1","|","|switch|p1a: Clefable|Clefable, F|394/394","|move|p2a: Super Fatty|Thunder Wave|p1a: Clefable","|-status|p1a: Clefable|par","|","|turn|27","|choice|move flamethrower 1|move wish","|","|move|p2a: Super Fatty|Wish|p2a: Super Fatty","|move|p1a: Clefable|Flamethrower|p2a: Super Fatty","|-damage|p2a: Super Fatty|371/703","|","|turn|28","|choice|move moonblast 1|move seismictoss 1","|","|move|p2a: Super Fatty|Seismic Toss|p1a: Clefable","|-damage|p1a: Clefable|294/394 par","|cant|p1a: Clefable|par","|","|-heal|p2a: Super Fatty|703/703|[from] move: Wish|[wisher] Super Fatty","|-heal|p1a: Clefable|318/394 par|[from] item: Leftovers","|turn|29","|choice|move moonblast 1|move seismictoss 1","|","|move|p2a: Super Fatty|Seismic Toss|p1a: Clefable","|-damage|p1a: Clefable|218/394 par","|move|p1a: Clefable|Moonblast|p2a: Super Fatty","|-damage|p2a: Super Fatty|652/703","|","|-heal|p1a: Clefable|242/394 par|[from] item: Leftovers","|turn|30","|choice|move softboiled|move wish","|","|move|p2a: Super Fatty|Wish|p2a: Super Fatty","|cant|p1a: Clefable|par","|","|-heal|p1a: Clefable|266/394 par|[from] item: Leftovers","|turn|31","|choice|move softboiled|move seismictoss 1","|","|move|p2a: Super Fatty|Seismic Toss|p1a: Clefable","|-damage|p1a: Clefable|166/394 par","|move|p1a: Clefable|Soft-Boiled|p1a: Clefable","|-heal|p1a: Clefable|363/394 par","|","|-heal|p2a: Super Fatty|703/703|[from] move: Wish|[wisher] Super Fatty","|-heal|p1a: Clefable|387/394 par|[from] item: Leftovers","|turn|32","|choice|move flamethrower 1|move wish","|","|move|p2a: Super Fatty|Wish|p2a: Super Fatty","|move|p1a: Clefable|Flamethrower|p2a: Super Fatty","|-damage|p2a: Super Fatty|671/703","|","|-heal|p1a: Clefable|394/394 par|[from] item: Leftovers","|turn|33","|choice|move moonblast 1|move seismictoss 1","|","|move|p2a: Super Fatty|Seismic Toss|p1a: Clefable","|-damage|p1a: Clefable|294/394 par","|move|p1a: Clefable|Moonblast|p2a: Super Fatty","|-damage|p2a: Super Fatty|611/703","|","|-heal|p2a: Super Fatty|703/703|[from] move: Wish|[wisher] Super Fatty","|-heal|p1a: Clefable|318/394 par|[from] item: Leftovers","|turn|34","|choice|move calmmind|move wish","|","|move|p2a: Super Fatty|Wish|p2a: Super Fatty","|move|p1a: Clefable|Calm Mind|p1a: Clefable","|-boost|p1a: Clefable|spa|1","|-boost|p1a: Clefable|spd|1","|","|-heal|p1a: Clefable|342/394 par|[from] item: Leftovers","|turn|35","|choice|move calmmind|move seismictoss 1","|","|move|p2a: Super Fatty|Seismic Toss|p1a: Clefable","|-damage|p1a: Clefable|242/394 par","|move|p1a: Clefable|Calm Mind|p1a: Clefable","|-boost|p1a: Clefable|spa|1","|-boost|p1a: Clefable|spd|1","|","|-heal|p1a: Clefable|266/394 par|[from] item: Leftovers","|turn|36","|choice|move moonblast 1|move seismictoss 1","|","|move|p2a: Super Fatty|Seismic Toss|p1a: Clefable","|-damage|p1a: Clefable|166/394 par","|move|p1a: Clefable|Moonblast|p2a: Super Fatty","|-damage|p2a: Super Fatty|600/703","|-unboost|p2a: Super Fatty|spa|1","|","|-heal|p1a: Clefable|190/394 par|[from] item: Leftovers","|turn|37","|choice|move moonblast 1|move wish","|","|move|p2a: Super Fatty|Wish|p2a: Super Fatty","|move|p1a: Clefable|Moonblast|p2a: Super Fatty","|-damage|p2a: Super Fatty|500/703","|-unboost|p2a: Super Fatty|spa|1","|","|-heal|p1a: Clefable|214/394 par|[from] item: Leftovers","|turn|38","|choice|move moonblast 1|move seismictoss 1","|","|move|p2a: Super Fatty|Seismic Toss|p1a: Clefable","|-damage|p1a: Clefable|114/394 par","|move|p1a: Clefable|Moonblast|p2a: Super Fatty","|-damage|p2a: Super Fatty|388/703","|","|-heal|p2a: Super Fatty|703/703|[from] move: Wish|[wisher] Super Fatty","|-heal|p1a: Clefable|138/394 par|[from] item: Leftovers","|turn|39","|choice|move moonblast 1|move wish","|","|move|p2a: Super Fatty|Wish|p2a: Super Fatty","|move|p1a: Clefable|Moonblast|p2a: Super Fatty","|-damage|p2a: Super Fatty|592/703","|","|-heal|p1a: Clefable|162/394 par|[from] item: Leftovers","|turn|40","|choice|move moonblast 1|move seismictoss 1","|","|move|p2a: Super Fatty|Seismic Toss|p1a: Clefable","|-damage|p1a: Clefable|62/394 par","|move|p1a: Clefable|Moonblast|p2a: Super Fatty","|-damage|p2a: Super Fatty|487/703","|","|-heal|p2a: Super Fatty|703/703|[from] move: Wish|[wisher] Super Fatty","|-heal|p1a: Clefable|86/394 par|[from] item: Leftovers","|turn|41","|choice|move moonblast 1|move seismictoss 1","|","|move|p2a: Super Fatty|Seismic Toss|p1a: Clefable","|-damage|p1a: Clefable|0 fnt","|faint|p1a: Clefable","|","|choice|switch 5|","|","|switch|p1a: Latias|Latias-Mega, F|255/363","|turn|42","|choice|move thunderwave 1|move wish","|","|move|p1a: Latias|Thunder Wave|p2a: Super Fatty","|-status|p2a: Super Fatty|par","|move|p2a: Super Fatty|Wish|p2a: Super Fatty","|","|turn|43","|choice|move icebeam 1|move thunderwave 1","|","|move|p1a: Latias|Ice Beam|p2a: Super Fatty","|-damage|p2a: Super Fatty|657/703 par","|cant|p2a: Super Fatty|par","|","|-heal|p2a: Super Fatty|703/703 par|[from] move: Wish|[wisher] Super Fatty","|turn|44","|choice|move thunderbolt 1|move seismictoss 1","|","|move|p1a: Latias|Thunderbolt|p2a: Super Fatty","|-damage|p2a: Super Fatty|651/703 par","|move|p2a: Super Fatty|Seismic Toss|p1a: Latias","|-damage|p1a: Latias|155/363","|","|turn|45","|choice|move roost|move seismictoss 1","|","|move|p1a: Latias|Roost|p1a: Latias","|-heal|p1a: Latias|337/363","|move|p2a: Super Fatty|Seismic Toss|p1a: Latias","|-damage|p1a: Latias|237/363","|","|turn|46","|choice|move thunderbolt 1|move seismictoss 1","|","|move|p1a: Latias|Thunderbolt|p2a: Super Fatty","|-damage|p2a: Super Fatty|600/703 par","|cant|p2a: Super Fatty|par","|","|turn|47","|choice|move thunderbolt 1|move wish","|","|move|p1a: Latias|Thunderbolt|p2a: Super Fatty","|-damage|p2a: Super Fatty|548/703 par","|move|p2a: Super Fatty|Wish|p2a: Super Fatty","|","|turn|48","|choice|move icebeam 1|move seismictoss 1","|","|move|p1a: Latias|Ice Beam|p2a: Super Fatty","|-damage|p2a: Super Fatty|495/703 par","|move|p2a: Super Fatty|Seismic Toss|p1a: Latias","|-damage|p1a: Latias|137/363","|","|-heal|p2a: Super Fatty|703/703 par|[from] move: Wish|[wisher] Super Fatty","|turn|49","|choice|move icebeam 1|move healbell","|","|move|p1a: Latias|Ice Beam|p2a: Super Fatty","|-damage|p2a: Super Fatty|653/703 par","|move|p2a: Super Fatty|Heal Bell|p2a: Super Fatty","|-activate|p2a: Super Fatty|move: Heal Bell","|-curestatus|p2a: Super Fatty|par|[msg]","|","|turn|50","|choice|move roost|move wish","|","|move|p1a: Latias|Roost|p1a: Latias","|-heal|p1a: Latias|319/363","|move|p2a: Super Fatty|Wish|p2a: Super Fatty","|","|turn|51","|choice|move thunderwave 1|move seismictoss 1","|","|move|p1a: Latias|Thunder Wave|p2a: Super Fatty","|-status|p2a: Super Fatty|par","|cant|p2a: Super Fatty|par","|","|-heal|p2a: Super Fatty|703/703 par|[from] move: Wish|[wisher] Super Fatty","|turn|52","|choice|move icebeam 1|move healbell","|","|move|p1a: Latias|Ice Beam|p2a: Super Fatty","|-damage|p2a: Super Fatty|655/703 par","|move|p2a: Super Fatty|Heal Bell|p2a: Super Fatty","|-activate|p2a: Super Fatty|move: Heal Bell","|-curestatus|p2a: Super Fatty|par|[msg]","|","|turn|53","|choice|move thunderwave 1|move thunderwave 1","|","|move|p1a: Latias|Thunder Wave|p2a: Super Fatty","|-status|p2a: Super Fatty|par","|move|p2a: Super Fatty|Thunder Wave|p1a: Latias","|-status|p1a: Latias|par","|","|turn|54","|choice|move thunderbolt 1|move seismictoss 1","|","|cant|p1a: Latias|par","|move|p2a: Super Fatty|Seismic Toss|p1a: Latias","|-damage|p1a: Latias|219/363 par","|","|turn|55","|choice|move thunderbolt 1|move seismictoss 1","|","|move|p1a: Latias|Thunderbolt|p2a: Super Fatty","|-damage|p2a: Super Fatty|603/703 par","|move|p2a: Super Fatty|Seismic Toss|p1a: Latias","|-damage|p1a: Latias|119/363 par","|","|turn|56","|choice|move roost|move seismictoss 1","|","|move|p1a: Latias|Roost|p1a: Latias","|-heal|p1a: Latias|301/363 par","|move|p2a: Super Fatty|Seismic Toss|p1a: Latias","|-damage|p1a: Latias|201/363 par","|","|turn|57","|choice|move thunderbolt 1|move seismictoss 1","|","|move|p1a: Latias|Thunderbolt|p2a: Super Fatty","|-damage|p2a: Super Fatty|551/703 par","|cant|p2a: Super Fatty|par","|","|turn|58","|choice|move roost|move wish","|","|cant|p1a: Latias|par","|move|p2a: Super Fatty|Wish|p2a: Super Fatty","|","|turn|59","|choice|move thunderbolt 1|move seismictoss 1","|","|move|p1a: Latias|Thunderbolt|p2a: Super Fatty","|-damage|p2a: Super Fatty|501/703 par","|move|p2a: Super Fatty|Seismic Toss|p1a: Latias","|-damage|p1a: Latias|101/363 par","|","|-heal|p2a: Super Fatty|703/703 par|[from] move: Wish|[wisher] Super Fatty","|turn|60","|choice|move thunderbolt 1|move seismictoss 1","|","|move|p1a: Latias|Thunderbolt|p2a: Super Fatty","|-damage|p2a: Super Fatty|652/703 par","|move|p2a: Super Fatty|Seismic Toss|p1a: Latias","|-damage|p1a: Latias|1/363 par","|","|turn|61","|choice|move thunderbolt 1|move seismictoss 1","|","|move|p1a: Latias|Thunderbolt|p2a: Super Fatty","|-damage|p2a: Super Fatty|602/703 par","|move|p2a: Super Fatty|Seismic Toss|p1a: Latias","|-damage|p1a: Latias|0 fnt","|faint|p1a: Latias","|","|win|FlareonDriod"],"p1rating":1111.8966805971215,"p2rating":1250.1273325018647,"endType":"normal"}