{"seed":[8684,37518,2609,62023],"turns":34,"p1":"FlareonDriod","p2":"BatterBotto","p1team":[{"name":"Beedrill","species":"Beedrill","item":"beedrillite","ability":"Swarm","moves":["uturn","poisonjab","drillrun","protect"],"nature":"Jolly","evs":{"hp":0,"atk":252,"def":0,"spa":0,"spd":4,"spe":252},"ivs":{"hp":31,"atk":31,"def":31,"spa":31,"spd":31,"spe":31}},{"name":"Whimsicott","species":"Whimsicott","item":"yacheberry","ability":"Prankster","moves":["gigadrain","moonblast","encore","uturn"],"nature":"Timid","evs":{"hp":0,"atk":0,"def":0,"spa":252,"spd":4,"spe":252},"ivs":{"hp":31,"atk":31,"def":31,"spa":31,"spd":31,"spe":31}},{"name":"Empoleon","species":"Empoleon","item":"leftovers","ability":"Torrent","moves":["scald","icebeam","stealthrock","defog"],"nature":"Calm","evs":{"hp":252,"atk":0,"def":0,"spa":4,"spd":252,"spe":0},"ivs":{"hp":31,"atk":0,"def":31,"spa":31,"spd":31,"spe":31}},{"name":"Reuniclus","species":"Reuniclus","item":"leftovers","ability":"Magic Guard","moves":["calmmind","psyshock","shadowball","recover"],"nature":"Bold","evs":{"hp":252,"atk":0,"def":252,"spa":4,"spd":0,"spe":0},"ivs":{"hp":31,"atk":0,"def":31,"spa":31,"spd":31,"spe":31}},{"name":"Toxicroak","species":"Toxicroak","item":"lifeorb","ability":"Dry Skin","moves":["swordsdance","gunkshot","drainpunch","suckerpunch"],"nature":"Jolly","evs":{"hp":0,"atk":252,"def":0,"spa":0,"spd":4,"spe":252},"ivs":{"hp":31,"atk":31,"def":31,"spa":31,"spd":31,"spe":31}},{"name":"Hydreigon","species":"Hydreigon","item":"choicescarf","ability":"Levitate","moves":["dracometeor","darkpulse","fireblast","uturn"],"nature":"Timid","evs":{"hp":0,"atk":0,"def":0,"spa":252,"spd":4,"spe":252},"ivs":{"hp":31,"atk":31,"def":31,"spa":31,"spd":31,"spe":31}}],"p2team":[{"name":"Seismitoad","species":"Seismitoad","item":"leftovers","ability":"Water Absorb","moves":["stealthrock","scald","earthpower","toxic"],"nature":"Bold","evs":{"hp":248,"atk":0,"def":240,"spa":0,"spd":20,"spe":0},"gender":"M","ivs":{"hp":31,"atk":0,"def":31,"spa":31,"spd":31,"spe":31}},{"name":"Skarmory","species":"Skarmory","item":"rockyhelmet","ability":"Sturdy","moves":["spikes","ironhead","roost","whirlwind"],"nature":"Impish","evs":{"hp":248,"atk":0,"def":0,"spa":0,"spd":236,"spe":24},"gender":"F","ivs":{"hp":31,"atk":31,"def":31,"spa":31,"spd":31,"spe":31}},{"name":"Clefable","species":"Clefable","item":"leftovers","ability":"Magic Guard","moves":["calmmind","moonblast","flamethrower","softboiled"],"nature":"Calm","evs":{"hp":252,"atk":0,"def":160,"spa":0,"spd":96,"spe":0},"gender":"F","ivs":{"hp":31,"atk":0,"def":31,"spa":31,"spd":31,"spe":31}},{"name":"Tyranitar","species":"Tyranitar","item":"choiceband","ability":"Sand Stream","moves":["pursuit","stoneedge","crunch","icepunch"],"nature":"Adamant","evs":{"hp":56,"atk":252,"def":4,"spa":0,"spd":0,"spe":196},"gender":"M","ivs":{"hp":31,"atk":31,"def":31,"spa":31,"spd":31,"spe":31}},{"name":"Gengar","species":"Gengar","item":"choicescarf","ability":"Levitate","moves":["shadowball","sludgewave","focusblast","trick"],"nature":"Timid","evs":{"hp":0,"atk":0,"def":0,"spa":252,"spd":4,"spe":252},"gender":"M","ivs":{"hp":31,"atk":0,"def":31,"spa":31,"spd":31,"spe":31},"shiny":true},{"name":"Latias","species":"Latias","item":"latiasite","ability":"Levitate","moves":["thunderbolt","icebeam","roost","thunderwave"],"nature":"Timid","evs":{"hp":248,"atk":0,"def":32,"spa":12,"spd":0,"spe":216},"ivs":{"hp":31,"atk":0,"def":31,"spa":31,"spd":31,"spe":31}}],"log":["|player|p1|FlareonDriod|flareondriod.png","|player|p2|BatterBotto|batterbotto.png","|gametype|singles","|gen|6","|tier|OU","|rated","|seed|8684,37518,2609,62023","|clearpoke","|poke|p1|Beedrill, F|item","|poke|p1|Whimsicott, M|item","|poke|p1|Empoleon, M|item","|poke|p1|Reuniclus, M|item","|poke|p1|Toxicroak, F|item","|poke|p1|Hydreigon, M|item","|poke|p2|Seismitoad, M|item","|poke|p2|Skarmory, F|item","|poke|p2|Clefable, F|item","|poke|p2|Tyranitar, M|item","|poke|p2|Gengar, M, shiny|item","|poke|p2|Latias, F|item","|rule|Swagger Clause: Swagger is banned","|rule|Baton Pass Clause: Limit one Baton Passer, can't pass Spe and other stats simultaneously","|rule|Sleep Clause Mod: Limit one foe put to sleep","|rule|Species Clause: Limit one of each Pokémon","|rule|OHKO Clause: OHKO moves are banned","|rule|Moody Clause: Moody is banned","|rule|Evasion Moves Clause: Evasion moves are banned","|rule|Endless Battle Clause: Forcing endless battles is banned","|rule|HP Percentage Mod: HP is shown in percentages","|teampreview","|choice|team 2, team 1, team 3, team 4, team 5, team 6|team 2, team 1, team 3, team 4, team 5, team 6","|","|start","|switch|p1a: Whimsicott|Whimsicott, M|261/261","|switch|p2a: Skarmory|Skarmory, F|333/333","|turn|1","|choice|switch 3|move ironhead 1","|","|switch|p1a: Empoleon|Empoleon, M|372/372","|move|p2a: Skarmory|Iron Head|p1a: Empoleon","|-resisted|p1a: Empoleon","|-damage|p1a: Empoleon|352/372","|","|-heal|p1a: Empoleon|372/372|[from] item: Leftovers","|turn|2","|choice|move stealthrock|switch 2","|","|switch|p2a: Seismitoad|Seismitoad, M|413/413","|move|p1a: Empoleon|Stealth Rock|p2a: Seismitoad","|-sidestart|p2: BatterBotto|move: Stealth Rock","|","|turn|3","|choice|switch 3|move earthpower 1","|","|switch|p1a: Whimsicott|Whimsicott, M|261/261","|move|p2a: Seismitoad|Earth Power|p1a: Whimsicott","|-resisted|p1a: Whimsicott","|-damage|p1a: Whimsicott|204/261","|","|turn|4","|choice|move gigadrain 1|switch 2","|","|switch|p2a: Skarmory|Skarmory, F|333/333","|-damage|p2a: Skarmory|292/333|[from] Stealth Rock","|move|p1a: Whimsicott|Giga Drain|p2a: Skarmory","|-resisted|p2a: Skarmory","|-damage|p2a: Skarmory|269/333","|-heal|p1a: Whimsicott|216/261|[from] drain|[of] p2a: Skarmory","|","|turn|5","|choice|switch 3|move ironhead 1","|","|switch|p1a: Empoleon|Empoleon, M|372/372","|move|p2a: Skarmory|Iron Head|p1a: Empoleon","|-resisted|p1a: Empoleon","|-damage|p1a: Empoleon|351/372","|","|-heal|p1a: Empoleon|372/372|[from] item: Leftovers","|turn|6","|choice|move scald 1|switch 2","|","|switch|p2a: Seismitoad|Seismitoad, M|413/413","|-damage|p2a: Seismitoad|388/413|[from] Stealth Rock","|move|p1a: Empoleon|Scald|p2a: Seismitoad","|-heal|p2a: Seismitoad|413/413|[from] ability: Water Absorb|[of] p1a: Empoleon","|","|turn|7","|choice|switch 3|move stealthrock","|","|switch|p1a: Whimsicott|Whimsicott, M|216/261","|move|p2a: Seismitoad|Stealth Rock|p1a: Whimsicott","|-sidestart|p1: FlareonDriod|move: Stealth Rock","|","|turn|8","|choice|move gigadrain 1|switch 2","|","|switch|p2a: Skarmory|Skarmory, F|269/333","|-damage|p2a: Skarmory|228/333|[from] Stealth Rock","|move|p1a: Whimsicott|Giga Drain|p2a: Skarmory","|-resisted|p2a: Skarmory","|-damage|p2a: Skarmory|204/333","|-heal|p1a: Whimsicott|228/261|[from] drain|[of] p2a: Skarmory","|","|turn|9","|choice|switch 3|move spikes","|","|switch|p1a: Empoleon|Empoleon, M|372/372","|-damage|p1a: Empoleon|349/372|[from] Stealth Rock","|move|p2a: Skarmory|Spikes|p1a: Empoleon","|-sidestart|p1: FlareonDriod|Spikes","|","|-heal|p1a: Empoleon|372/372|[from] item: Leftovers","|turn|10","|choice|move defog 1|switch 2","|","|switch|p2a: Seismitoad|Seismitoad, M|413/413","|-damage|p2a: Seismitoad|388/413|[from] Stealth Rock","|move|p1a: Empoleon|Defog|p2a: Seismitoad","|-unboost|p2a: Seismitoad|evasion|1","|-sideend|p2: BatterBotto|Stealth Rock|[from] move: Defog|[of] p2a: Seismitoad","|-sideend|p1: FlareonDriod|Spikes|[from] move: Defog|[of] p1a: Empoleon","|-sideend|p1: FlareonDriod|Stealth Rock|[from] move: Defog|[of] p1a: Empoleon","|","|-heal|p2a: Seismitoad|413/413|[from] item: Leftovers","|turn|11","|choice|switch 3|move earthpower 1","|","|switch|p1a: Whimsicott|Whimsicott, M|228/261","|move|p2a: Seismitoad|Earth Power|p1a: Whimsicott","|-resisted|p1a: Whimsicott","|-damage|p1a: Whimsicott|169/261","|","|turn|12","|choice|move gigadrain 1|switch 2","|","|switch|p2a: Skarmory|Skarmory, F|204/333","|move|p1a: Whimsicott|Giga Drain|p2a: Skarmory","|-resisted|p2a: Skarmory","|-damage|p2a: Skarmory|182/333","|-heal|p1a: Whimsicott|180/261|[from] drain|[of] p2a: Skarmory","|","|turn|13","|choice|move moonblast 1|move ironhead 1","|","|move|p1a: Whimsicott|Moonblast|p2a: Skarmory","|-resisted|p2a: Skarmory","|-damage|p2a: Skarmory|120/333","|move|p2a: Skarmory|Iron Head|p1a: Whimsicott","|-supereffective|p1a: Whimsicott","|-damage|p1a: Whimsicott|16/261","|","|turn|14","|choice|move encore 1|move ironhead 1","|","|move|p1a: Whimsicott|Encore|p2a: Skarmory","|-start|p2a: Skarmory|Encore","|move|p2a: Skarmory|Iron Head|p1a: Whimsicott","|-supereffective|p1a: Whimsicott","|-damage|p1a: Whimsicott|0 fnt","|faint|p1a: Whimsicott","|","|choice|switch 3|","|","|switch|p1a: Empoleon|Empoleon, M|372/372","|turn|15","|choice|move stealthrock|switch 2","|","|switch|p2a: Seismitoad|Seismitoad, M|413/413","|move|p1a: Empoleon|Stealth Rock|p2a: Seismitoad","|-sidestart|p2: BatterBotto|move: Stealth Rock","|","|turn|16","|choice|switch 6|move earthpower 1","|","|switch|p1a: Hydreigon|Hydreigon, M|325/325","|move|p2a: Seismitoad|Earth Power|p1a: Hydreigon","|-immune|p1a: Hydreigon|[msg]|[from] ability: Levitate","|","|turn|17","|choice|move dracometeor 1|switch 3","|","|switch|p2a: Clefable|Clefable, F|394/394","|move|p1a: Hydreigon|Draco Meteor|p2a: Clefable","|-immune|p2a: Clefable|[msg]","|","|turn|18","|choice|switch 2|move moonblast 1","|","|switch|p1a: Beedrill|Beedrill, F|271/271","|move|p2a: Clefable|Moonblast|p1a: Beedrill","|-resisted|p1a: Beedrill","|-damage|p1a: Beedrill|205/271","|","|turn|19","|choice|move poisonjab 1 mega|move flamethrower 1","|","|detailschange|p1a: Beedrill|Beedrill-Mega, F","|-mega|p1a: Beedrill|Beedrill|Beedrillite","|move|p1a: Beedrill|Poison Jab|p2a: Clefable","|-supereffective|p2a: Clefable","|-damage|p2a: Clefable|0 fnt","|faint|p2a: Clefable","|","|choice||switch 2","|","|switch|p2a: Skarmory|Skarmory, F|120/333","|-damage|p2a: Skarmory|79/333|[from] Stealth Rock","|turn|20","|choice|move uturn 1|move spikes","|","|move|p1a: Beedrill|U-turn|p2a: Skarmory","|-resisted|p2a: Skarmory","|-damage|p2a: Skarmory|45/333","|-damage|p1a: Beedrill|160/271|[from] item: Rocky Helmet|[of] p2a: Skarmory","|choice|switch 6|","|","|switch|p1a: Empoleon|Empoleon, M|372/372","|move|p2a: Skarmory|Spikes|p1a: Empoleon","|-sidestart|p1: FlareonDriod|Spikes","|","|turn|21","|choice|move icebeam 1|switch 3","|","|switch|p2a: Seismitoad|Seismitoad, M|413/413","|-damage|p2a: Seismitoad|388/413|[from] Stealth Rock","|move|p1a: Empoleon|Ice Beam|p2a: Seismitoad","|-damage|p2a: Seismitoad|286/413","|","|-heal|p2a: Seismitoad|311/413|[from] item: Leftovers","|turn|22","|choice|switch 2|move earthpower 1","|","|switch|p1a: Hydreigon|Hydreigon, M|325/325","|move|p2a: Seismitoad|Earth Power|p1a: Hydreigon","|-immune|p1a: Hydreigon|[msg]|[from] ability: Levitate","|","|-heal|p2a: Seismitoad|336/413|[from] item: Leftovers","|turn|23","|choice|move darkpulse 1|switch 4","|","|switch|p2a: Tyranitar|Tyranitar, M|355/355","|-damage|p2a: Tyranitar|311/355|[from] Stealth Rock","|-weather|Sandstorm|[from] ability: Sand Stream|[of] p2a: Tyranitar","|move|p1a: Hydreigon|Dark Pulse|p2a: Tyranitar","|-resisted|p2a: Tyranitar","|-damage|p2a: Tyranitar|263/355","|","|-weather|Sandstorm|[upkeep]","|-damage|p1a: Hydreigon|305/325|[from] sandstorm","|turn|24","|choice|switch 5|move icepunch 1","|","|switch|p1a: Toxicroak|Toxicroak, F|307/307","|-damage|p1a: Toxicroak|269/307|[from] Spikes","|move|p2a: Tyranitar|Ice Punch|p1a: Toxicroak","|-damage|p1a: Toxicroak|62/307","|","|-weather|Sandstorm|[upkeep]","|-damage|p1a: Toxicroak|43/307|[from] sandstorm","|turn|25","|choice|move drainpunch 1|move icepunch 1","|","|move|p1a: Toxicroak|Drain Punch|p2a: Tyranitar","|-supereffective|p2a: Tyranitar","|-damage|p2a: Tyranitar|0 fnt","|-heal|p1a: Toxicroak|175/307|[from] drain|[of] p2a: Tyranitar","|-damage|p1a: Toxicroak|145/307|[from] item: Life Orb","|faint|p2a: Tyranitar","|","|-weather|Sandstorm|[upkeep]","|-damage|p1a: Toxicroak|126/307|[from] sandstorm","|choice||switch 5","|","|switch|p2a: Gengar|Gengar, M, shiny|261/261","|-damage|p2a: Gengar|229/261|[from] Stealth Rock","|turn|26","|choice|move suckerpunch 1|move shadowball 1","|","|move|p1a: Toxicroak|Sucker Punch|p2a: Gengar","|-supereffective|p2a: Gengar","|-damage|p2a: Gengar|0 fnt","|-damage|p1a: Toxicroak|96/307|[from] item: Life Orb","|faint|p2a: Gengar","|","|-weather|Sandstorm|[upkeep]","|-damage|p1a: Toxicroak|77/307|[from] sandstorm","|choice||switch 3","|","|switch|p2a: Skarmory|Skarmory, F|45/333","|-damage|p2a: Skarmory|4/333|[from] Stealth Rock","|turn|27","|choice|move suckerpunch 1|move ironhead 1","|","|move|p1a: Toxicroak|Sucker Punch|p2a: Skarmory","|-damage|p2a: Skarmory|0 fnt","|-damage|p1a: Toxicroak|26/307|[from] item: Rocky Helmet|[of] p2a: Skarmory","|-damage|p1a: Toxicroak|0 fnt|[from] item: Life Orb","|faint|p2a: Skarmory","|faint|p1a: Toxicroak","|","|-weather|none","|choice|switch 2|switch 4","|","|switch|p2a: Seismitoad|Seismitoad, M|336/413","|switch|p1a: Empoleon|Empoleon, M|372/372","|-damage|p2a: Seismitoad|311/413|[from] Stealth Rock","|-damage|p1a: Empoleon|326/372|[from] Spikes","|turn|28","|choice|switch 5|move earthpower 1","|","|switch|p1a: Hydreigon|Hydreigon, M|305/325","|move|p2a: Seismitoad|Earth Power|p1a: Hydreigon","|-immune|p1a: Hydreigon|[msg]|[from] ability: Levitate","|","|-heal|p2a: Seismitoad|336/413|[from] item: Leftovers","|turn|29","|choice|move darkpulse 1|move scald 1","|","|move|p1a: Hydreigon|Dark Pulse|p2a: Seismitoad","|-damage|p2a: Seismitoad|162/413","|move|p2a: Seismitoad|Scald|p1a: Hydreigon","|-resisted|p1a: Hydreigon","|-damage|p1a: Hydreigon|264/325","|-status|p1a: Hydreigon|brn","|","|-heal|p2a: Seismitoad|187/413|[from] item: Leftovers","|-damage|p1a: Hydreigon|224/325 brn|[from] brn","|turn|30","|choice|move darkpulse 1|move scald 1","|","|move|p1a: Hydreigon|Dark Pulse|p2a: Seismitoad","|-damage|p2a: Seismitoad|9/413","|move|p2a: Seismitoad|Scald|p1a: Hydreigon","|-resisted|p1a: Hydreigon","|-damage|p1a: Hydreigon|177/325 brn","|","|-heal|p2a: Seismitoad|34/413|[from] item: Leftovers","|-damage|p1a: Hydreigon|137/325 brn|[from] brn","|turn|31","|choice|move darkpulse 1|move scald 1","|","|move|p1a: Hydreigon|Dark Pulse|p2a: Seismitoad","|-damage|p2a: Seismitoad|0 fnt","|faint|p2a: Seismitoad","|","|-damage|p1a: Hydreigon|97/325 brn|[from] brn","|choice||switch 6","|","|switch|p2a: Latias|Latias, F|363/363","|-damage|p2a: Latias|318/363|[from] Stealth Rock","|turn|32","|choice|move darkpulse 1|move icebeam 1 mega","|","|detailschange|p2a: Latias|Latias-Mega, F","|-mega|p2a: Latias|Latias|Latiasite","|move|p1a: Hydreigon|Dark Pulse|p2a: Latias","|-supereffective|p2a: Latias","|-damage|p2a: Latias|132/363","|move|p2a: Latias|Ice Beam|p1a: Hydreigon","|-supereffective|p1a: Hydreigon","|-damage|p1a: Hydreigon|0 fnt","|faint|p1a: Hydreigon","|","|choice|switch 5|","|","|switch|p1a: Empoleon|Empoleon, M|326/372","|-damage|p1a: Empoleon|280/372|[from] Spikes","|turn|33","|choice|move icebeam 1|move thunderbolt 1","|","|move|p2a: Latias|Thunderbolt|p1a: Empoleon","|-supereffective|p1a: Empoleon","|-damage|p1a: Empoleon|154/372","|move|p1a: Empoleon|Ice Beam|p2a: Latias","|-supereffective|p2a: Latias","|-damage|p2a: Latias|30/363","|","|-heal|p1a: Empoleon|177/372|[from] item: Leftovers","|turn|34","|choice|move scald 1|move thunderbolt 1","|","|move|p2a: Latias|Thunderbolt|p1a: Empoleon","|-supereffective|p1a: Empoleon","|-damage|p1a: Empoleon|47/372","|move|p1a: Empoleon|Scald|p2a: Latias","|-resisted|p2a: Latias","|-damage|p2a: Latias|0 fnt","|faint|p2a: Latias","|","|win|FlareonDriod"],"p1rating":1103.6084674480626,"p2rating":1133.4377423500223,"endType":"normal"}