{"seed":[53235,9489,32621,44644],"turns":24,"p1":"FlareonDriod","p2":"BatterBotto","p1team":[{"name":"Beedrill","species":"Beedrill","item":"beedrillite","ability":"Swarm","moves":["uturn","poisonjab","drillrun","protect"],"nature":"Jolly","evs":{"hp":0,"atk":252,"def":0,"spa":0,"spd":4,"spe":252},"ivs":{"hp":31,"atk":31,"def":31,"spa":31,"spd":31,"spe":31}},{"name":"Whimsicott","species":"Whimsicott","item":"yacheberry","ability":"Prankster","moves":["gigadrain","moonblast","encore","uturn"],"nature":"Timid","evs":{"hp":0,"atk":0,"def":0,"spa":252,"spd":4,"spe":252},"ivs":{"hp":31,"atk":31,"def":31,"spa":31,"spd":31,"spe":31}},{"name":"Empoleon","species":"Empoleon","item":"leftovers","ability":"Torrent","moves":["scald","icebeam","stealthrock","defog"],"nature":"Calm","evs":{"hp":252,"atk":0,"def":0,"spa":4,"spd":252,"spe":0},"ivs":{"hp":31,"atk":0,"def":31,"spa":31,"spd":31,"spe":31}},{"name":"Reuniclus","species":"Reuniclus","item":"leftovers","ability":"Magic Guard","moves":["calmmind","psyshock","shadowball","recover"],"nature":"Bold","evs":{"hp":252,"atk":0,"def":252,"spa":4,"spd":0,"spe":0},"ivs":{"hp":31,"atk":0,"def":31,"spa":31,"spd":31,"spe":31}},{"name":"Toxicroak","species":"Toxicroak","item":"lifeorb","ability":"Dry Skin","moves":["swordsdance","gunkshot","drainpunch","suckerpunch"],"nature":"Jolly","evs":{"hp":0,"atk":252,"def":0,"spa":0,"spd":4,"spe":252},"ivs":{"hp":31,"atk":31,"def":31,"spa":31,"spd":31,"spe":31}},{"name":"Hydreigon","species":"Hydreigon","item":"choicescarf","ability":"Levitate","moves":["dracometeor","darkpulse","fireblast","uturn"],"nature":"Timid","evs":{"hp":0,"atk":0,"def":0,"spa":252,"spd":4,"spe":252},"ivs":{"hp":31,"atk":31,"def":31,"spa":31,"spd":31,"spe":31}}],"p2team":[{"name":"U.N. Oven Was Her","species":"rotomheat","item":"leftovers","ability":"Levitate","moves":["overheat","voltswitch","painsplit","thunderwave"],"nature":"Bold","evs":{"hp":248,"atk":0,"def":216,"spa":0,"spd":0,"spe":44},"ivs":{"hp":31,"atk":0,"def":31,"spa":31,"spd":31,"spe":31}},{"name":"D'Artagnan","species":"keldeoresolute","item":"choicespecs","ability":"Justified","moves":["hydropump","secretsword","scald","icywind"],"nature":"Timid","evs":{"hp":0,"atk":0,"def":0,"spa":252,"spd":4,"spe":252},"ivs":{"hp":31,"atk":0,"def":31,"spa":31,"spd":31,"spe":31}},{"name":"Diglett Sr.","species":"excadrill","item":"lifeorb","ability":"Sand Rush","moves":["earthquake","ironhead","rockslide","rapidspin"],"nature":"Adamant","evs":{"hp":0,"atk":252,"def":4,"spa":0,"spd":0,"spe":252},"gender":"M","ivs":{"hp":31,"atk":31,"def":31,"spa":31,"spd":31,"spe":31}},{"name":"Armor","species":"tyranitar","item":"smoothrock","ability":"Sand Stream","moves":["rockslide","icebeam","stealthrock","pursuit"],"nature":"Sassy","evs":{"hp":252,"atk":0,"def":0,"spa":4,"spd":252,"spe":0},"gender":"M","ivs":{"hp":31,"atk":31,"def":31,"spa":31,"spd":31,"spe":31}},{"name":"SNEK STAHP","species":"serperior","item":"expertbelt","ability":"Contrary","moves":["leafstorm","hiddenpowerfire","dragonpulse","knockoff"],"nature":"Timid","evs":{"hp":0,"atk":0,"def":0,"spa":252,"spd":4,"spe":252},"gender":"F","ivs":{"hp":31,"atk":30,"def":31,"spa":30,"spd":31,"spe":30}},{"name":"Waifumon","species":"gardevoir","item":"gardevoirite","ability":"Trace","moves":["hypervoice","psyshock","taunt","healingwish"],"nature":"Timid","evs":{"hp":16,"atk":0,"def":8,"spa":232,"spd":0,"spe":252},"gender":"F","ivs":{"hp":31,"atk":0,"def":31,"spa":31,"spd":31,"spe":31}}],"log":["|player|p1|FlareonDriod|flareondriod.png","|player|p2|BatterBotto|batterbotto.png","|gametype|singles","|gen|6","|tier|OU","|rated","|seed|53235,9489,32621,44644","|clearpoke","|poke|p1|Beedrill, M|item","|poke|p1|Whimsicott, F|item","|poke|p1|Empoleon, F|item","|poke|p1|Reuniclus, M|item","|poke|p1|Toxicroak, F|item","|poke|p1|Hydreigon, M|item","|poke|p2|Rotom-Heat|item","|poke|p2|Keldeo-Resolute|item","|poke|p2|Excadrill, M|item","|poke|p2|Tyranitar, M|item","|poke|p2|Serperior, F|item","|poke|p2|Gardevoir, F|item","|rule|Swagger Clause: Swagger is banned","|rule|Baton Pass Clause: Limit one Baton Passer, can't pass Spe and other stats simultaneously","|rule|Sleep Clause Mod: Limit one foe put to sleep","|rule|Species Clause: Limit one of each Pokémon","|rule|OHKO Clause: OHKO moves are banned","|rule|Moody Clause: Moody is banned","|rule|Evasion Moves Clause: Evasion moves are banned","|rule|Endless Battle Clause: Forcing endless battles is banned","|rule|HP Percentage Mod: HP is shown in percentages","|teampreview","|choice|team 2, team 1, team 3, team 4, team 5, team 6|team 5, team 1, team 2, team 3, team 4, team 6","|","|start","|switch|p1a: Whimsicott|Whimsicott, F|261/261","|switch|p2a: SNEK STAHP|Serperior, F|291/291","|turn|1","|choice|move moonblast 1|switch 2","|","|switch|p2a: U.N. Oven Was Her|Rotom-Heat|303/303","|move|p1a: Whimsicott|Moonblast|p2a: U.N. Oven Was Her","|-resisted|p2a: U.N. Oven Was Her","|-damage|p2a: U.N. Oven Was Her|242/303","|","|-heal|p2a: U.N. Oven Was Her|260/303|[from] item: Leftovers","|turn|2","|choice|switch 6|move overheat 1","|","|switch|p1a: Hydreigon|Hydreigon, M|325/325","|move|p2a: U.N. Oven Was Her|Overheat|p1a: Hydreigon","|-resisted|p1a: Hydreigon","|-damage|p1a: Hydreigon|235/325","|-unboost|p2a: U.N. Oven Was Her|spa|2","|","|-heal|p2a: U.N. Oven Was Her|278/303|[from] item: Leftovers","|turn|3","|choice|move dracometeor 1|switch 6","|","|switch|p2a: Waifumon|Gardevoir, F|281/281","|-ability|p2a: Waifumon|Levitate|[from] ability: Trace|[of] p1a: Hydreigon","|move|p1a: Hydreigon|Draco Meteor|p2a: Waifumon","|-immune|p2a: Waifumon|[msg]","|","|turn|4","|choice|switch 3|move hypervoice mega","|","|switch|p1a: Empoleon|Empoleon, F|372/372","|detailschange|p2a: Waifumon|Gardevoir-Mega, F","|-mega|p2a: Waifumon|Gardevoir|Gardevoirite","|move|p2a: Waifumon|Hyper Voice|p1a: Empoleon","|-resisted|p1a: Empoleon","|-damage|p1a: Empoleon|289/372","|","|-heal|p1a: Empoleon|312/372|[from] item: Leftovers","|turn|5","|choice|move stealthrock|switch 3","|","|switch|p2a: D'Artagnan|Keldeo-Resolute|323/323","|move|p1a: Empoleon|Stealth Rock|p2a: D'Artagnan","|-sidestart|p2: BatterBotto|move: Stealth Rock","|","|-heal|p1a: Empoleon|335/372|[from] item: Leftovers","|turn|6","|choice|switch 6|move secretsword 1","|","|switch|p1a: Whimsicott|Whimsicott, F|261/261","|move|p2a: D'Artagnan|Secret Sword|p1a: Whimsicott","|-resisted|p1a: Whimsicott","|-damage|p1a: Whimsicott|135/261","|","|turn|7","|choice|move moonblast 1|move secretsword 1","|","|move|p1a: Whimsicott|Moonblast|p2a: D'Artagnan","|-supereffective|p2a: D'Artagnan","|-damage|p2a: D'Artagnan|53/323","|move|p2a: D'Artagnan|Secret Sword|p1a: Whimsicott","|-resisted|p1a: Whimsicott","|-damage|p1a: Whimsicott|6/261","|","|turn|8","|choice|move gigadrain 1|move secretsword 1","|","|move|p1a: Whimsicott|Giga Drain|p2a: D'Artagnan","|-supereffective|p2a: D'Artagnan","|-damage|p2a: D'Artagnan|0 fnt","|-heal|p1a: Whimsicott|33/261|[from] drain|[of] p2a: D'Artagnan","|faint|p2a: D'Artagnan","|","|choice||switch 6","|","|switch|p2a: U.N. Oven Was Her|Rotom-Heat|278/303","|-damage|p2a: U.N. Oven Was Her|203/303|[from] Stealth Rock","|turn|9","|choice|move moonblast 1|move overheat 1","|","|move|p1a: Whimsicott|Moonblast|p2a: U.N. Oven Was Her","|-resisted|p2a: U.N. Oven Was Her","|-damage|p2a: U.N. Oven Was Her|149/303","|move|p2a: U.N. Oven Was Her|Overheat|p1a: Whimsicott","|-supereffective|p1a: Whimsicott","|-damage|p1a: Whimsicott|0 fnt","|-unboost|p2a: U.N. Oven Was Her|spa|2","|faint|p1a: Whimsicott","|","|-heal|p2a: U.N. Oven Was Her|167/303|[from] item: Leftovers","|choice|switch 3|","|","|switch|p1a: Hydreigon|Hydreigon, M|235/325","|turn|10","|choice|move darkpulse 1|switch 3","|","|switch|p2a: Waifumon|Gardevoir-Mega, F|281/281","|-damage|p2a: Waifumon|246/281|[from] Stealth Rock","|move|p1a: Hydreigon|Dark Pulse|p2a: Waifumon","|-damage|p2a: Waifumon|144/281","|","|turn|11","|choice|move darkpulse 1|move hypervoice","|","|move|p1a: Hydreigon|Dark Pulse|p2a: Waifumon","|-damage|p2a: Waifumon|42/281","|move|p2a: Waifumon|Hyper Voice|p1a: Hydreigon","|-supereffective|p1a: Hydreigon","|-damage|p1a: Hydreigon|0 fnt","|faint|p1a: Hydreigon","|","|choice|switch 6|","|","|switch|p1a: Empoleon|Empoleon, F|335/372","|turn|12","|choice|move icebeam 1|switch 2","|","|switch|p2a: SNEK STAHP|Serperior, F|291/291","|-damage|p2a: SNEK STAHP|255/291|[from] Stealth Rock","|move|p1a: Empoleon|Ice Beam|p2a: SNEK STAHP","|-supereffective|p2a: SNEK STAHP","|-damage|p2a: SNEK STAHP|97/291","|","|-heal|p1a: Empoleon|358/372|[from] item: Leftovers","|turn|13","|choice|move icebeam 1|move leafstorm 1","|","|move|p2a: SNEK STAHP|Leaf Storm|p1a: Empoleon","|-damage|p1a: Empoleon|243/372","|-boost|p2a: SNEK STAHP|spa|2","|move|p1a: Empoleon|Ice Beam|p2a: SNEK STAHP","|-supereffective|p2a: SNEK STAHP","|-damage|p2a: SNEK STAHP|0 fnt","|faint|p2a: SNEK STAHP","|","|-heal|p1a: Empoleon|266/372|[from] item: Leftovers","|choice||switch 3","|","|switch|p2a: U.N. Oven Was Her|Rotom-Heat|167/303","|-damage|p2a: U.N. Oven Was Her|92/303|[from] Stealth Rock","|turn|14","|choice|move scald 1|move thunderwave 1","|","|move|p2a: U.N. Oven Was Her|Thunder Wave|p1a: Empoleon","|-status|p1a: Empoleon|par","|cant|p1a: Empoleon|par","|","|-heal|p2a: U.N. Oven Was Her|110/303|[from] item: Leftovers","|-heal|p1a: Empoleon|289/372 par|[from] item: Leftovers","|turn|15","|choice|move scald 1|move painsplit 1","|","|move|p2a: U.N. Oven Was Her|Pain Split|p1a: Empoleon","|-sethp|p1a: Empoleon|199/372 par|p2a: U.N. Oven Was Her|199/303|[from] move: Pain Split","|move|p1a: Empoleon|Scald|p2a: U.N. Oven Was Her","|-supereffective|p2a: U.N. Oven Was Her","|-damage|p2a: U.N. Oven Was Her|13/303","|","|-heal|p2a: U.N. Oven Was Her|31/303|[from] item: Leftovers","|-heal|p1a: Empoleon|222/372 par|[from] item: Leftovers","|turn|16","|choice|move icebeam 1|move voltswitch 1","|","|move|p2a: U.N. Oven Was Her|Volt Switch|p1a: Empoleon","|-supereffective|p1a: Empoleon","|-damage|p1a: Empoleon|108/372 par","|choice||switch 4","|","|switch|p2a: Diglett Sr.|Excadrill, M|361/361","|-damage|p2a: Diglett Sr.|350/361|[from] Stealth Rock","|move|p1a: Empoleon|Ice Beam|p2a: Diglett Sr.","|-damage|p2a: Diglett Sr.|243/361","|","|-heal|p1a: Empoleon|131/372 par|[from] item: Leftovers","|turn|17","|choice|move scald 1|move earthquake","|","|move|p2a: Diglett Sr.|Earthquake|p1a: Empoleon","|-supereffective|p1a: Empoleon","|-damage|p1a: Empoleon|0 fnt","|-damage|p2a: Diglett Sr.|207/361|[from] item: Life Orb","|faint|p1a: Empoleon","|","|choice|switch 2|","|","|switch|p1a: Beedrill|Beedrill, M|271/271","|turn|18","|choice|move drillrun 1 mega|move ironhead 1","|","|detailschange|p1a: Beedrill|Beedrill-Mega, M","|-mega|p1a: Beedrill|Beedrill|Beedrillite","|move|p2a: Diglett Sr.|Iron Head|p1a: Beedrill","|-damage|p1a: Beedrill|0 fnt","|-damage|p2a: Diglett Sr.|171/361|[from] item: Life Orb","|faint|p1a: Beedrill","|","|choice|switch 4|","|","|switch|p1a: Reuniclus|Reuniclus, M|424/424","|turn|19","|choice|move shadowball 1|move earthquake","|","|move|p2a: Diglett Sr.|Earthquake|p1a: Reuniclus","|-damage|p1a: Reuniclus|193/424","|-damage|p2a: Diglett Sr.|135/361|[from] item: Life Orb","|move|p1a: Reuniclus|Shadow Ball|p2a: Diglett Sr.","|-damage|p2a: Diglett Sr.|22/361","|","|-heal|p1a: Reuniclus|219/424|[from] item: Leftovers","|turn|20","|choice|move psyshock 1|move ironhead 1","|","|move|p2a: Diglett Sr.|Iron Head|p1a: Reuniclus","|-damage|p1a: Reuniclus|28/424","|-damage|p2a: Diglett Sr.|0 fnt|[from] item: Life Orb","|faint|p2a: Diglett Sr.","|cant|p1a: Reuniclus|flinch","|","|-heal|p1a: Reuniclus|54/424|[from] item: Leftovers","|choice||switch 5","|","|switch|p2a: Armor|Tyranitar, M|404/404","|-damage|p2a: Armor|354/404|[from] Stealth Rock","|-weather|Sandstorm|[from] ability: Sand Stream|[of] p2a: Armor","|turn|21","|choice|switch 5|move icebeam 1","|","|switch|p1a: Toxicroak|Toxicroak, F|307/307","|move|p2a: Armor|Ice Beam|p1a: Toxicroak","|-damage|p1a: Toxicroak|208/307","|","|-weather|Sandstorm|[upkeep]","|-damage|p1a: Toxicroak|189/307|[from] sandstorm","|turn|22","|choice|move drainpunch 1|switch 4","|","|switch|p2a: U.N. Oven Was Her|Rotom-Heat|31/303","|-damage|p2a: U.N. Oven Was Her|0 fnt|[from] Stealth Rock","|faint|p2a: U.N. Oven Was Her","|move|p1a: Toxicroak|Drain Punch|p2: U.N. Oven Was Her|[notarget]","|-notarget","|","|-weather|Sandstorm|[upkeep]","|-damage|p1a: Toxicroak|170/307|[from] sandstorm","|choice||switch 2","|","|switch|p2a: Waifumon|Gardevoir-Mega, F|42/281","|-damage|p2a: Waifumon|7/281|[from] Stealth Rock","|turn|23","|choice|move suckerpunch 1|move psyshock 1","|","|move|p1a: Toxicroak|Sucker Punch|p2a: Waifumon","|-damage|p2a: Waifumon|0 fnt","|-damage|p1a: Toxicroak|140/307|[from] item: Life Orb","|faint|p2a: Waifumon","|","|-weather|Sandstorm|[upkeep]","|-damage|p1a: Toxicroak|121/307|[from] sandstorm","|choice||switch 4","|","|switch|p2a: Armor|Tyranitar, M|354/404","|-damage|p2a: Armor|304/404|[from] Stealth Rock","|turn|24","|choice|move drainpunch 1|move icebeam 1","|","|move|p1a: Toxicroak|Drain Punch|p2a: Armor","|-supereffective|p2a: Armor","|-damage|p2a: Armor|0 fnt","|-heal|p1a: Toxicroak|273/307|[from] drain|[of] p2a: Armor","|-damage|p1a: Toxicroak|243/307|[from] item: Life Orb","|faint|p2a: Armor","|","|win|FlareonDriod"],"p1rating":1209.552343872544,"p2rating":1158.6940757856203,"endType":"normal"}