{"seed":[14172,42919,5539,49548],"turns":104,"p1":"FlareonDriod","p2":"BatterBotto","p1team":[{"name":"Pinky","species":"weavile","item":"lifeorb","ability":"Pressure","moves":["knockoff","iciclecrash","iceshard","pursuit"],"nature":"Jolly","evs":{"hp":0,"atk":252,"def":4,"spa":0,"spd":0,"spe":252},"gender":"F","shiny":true,"ivs":{"hp":31,"atk":31,"def":31,"spa":31,"spd":31,"spe":31}},{"name":"Dog","species":"manectric","item":"manectite","ability":"Lightning Rod","moves":["voltswitch","thunderbolt","overheat","hiddenpowerice"],"nature":"Timid","evs":{"hp":0,"atk":0,"def":4,"spa":252,"spd":0,"spe":252},"gender":"F","ivs":{"hp":31,"atk":30,"def":30,"spa":31,"spd":31,"spe":31},"shiny":true},{"name":"Fatty","species":"azumarill","item":"choicescarf","ability":"Huge Power","moves":["playrough","aquajet","waterfall","superpower"],"nature":"Adamant","evs":{"hp":4,"atk":252,"def":0,"spa":0,"spd":0,"spe":252},"gender":"F","shiny":true,"ivs":{"hp":31,"atk":31,"def":31,"spa":31,"spd":31,"spe":31}},{"name":"Bird","species":"talonflame","item":"lifeorb","ability":"Gale Wings","moves":["bravebird","flareblitz","roost","willowisp"],"nature":"Adamant","evs":{"hp":252,"atk":252,"def":0,"spa":0,"spd":4,"spe":0},"shiny":true,"ivs":{"hp":31,"atk":31,"def":31,"spa":31,"spd":31,"spe":31}},{"name":"Super Fatty","species":"chansey","item":"eviolite","ability":"Natural Cure","moves":["healbell","wish","seismictoss","thunderwave"],"nature":"Bold","evs":{"hp":248,"atk":0,"def":8,"spa":0,"spd":252,"spe":0},"ivs":{"hp":31,"atk":31,"def":31,"spa":31,"spd":31,"spe":31}},{"name":"Horned","species":"excadrill","item":"lifeorb","ability":"Mold Breaker","moves":["earthquake","rockslide","stealthrock","rapidspin"],"nature":"Adamant","evs":{"hp":0,"atk":252,"def":0,"spa":0,"spd":4,"spe":252},"gender":"M","shiny":true,"ivs":{"hp":31,"atk":31,"def":31,"spa":31,"spd":31,"spe":31}}],"p2team":[{"name":"Seismitoad","species":"Seismitoad","item":"leftovers","ability":"Water Absorb","moves":["stealthrock","scald","earthpower","toxic"],"nature":"Bold","evs":{"hp":248,"atk":0,"def":240,"spa":0,"spd":20,"spe":0},"gender":"M","ivs":{"hp":31,"atk":0,"def":31,"spa":31,"spd":31,"spe":31}},{"name":"Skarmory","species":"Skarmory","item":"rockyhelmet","ability":"Sturdy","moves":["spikes","ironhead","roost","whirlwind"],"nature":"Impish","evs":{"hp":248,"atk":0,"def":0,"spa":0,"spd":236,"spe":24},"gender":"F","ivs":{"hp":31,"atk":31,"def":31,"spa":31,"spd":31,"spe":31}},{"name":"Clefable","species":"Clefable","item":"leftovers","ability":"Magic Guard","moves":["calmmind","moonblast","flamethrower","softboiled"],"nature":"Calm","evs":{"hp":252,"atk":0,"def":160,"spa":0,"spd":96,"spe":0},"gender":"F","ivs":{"hp":31,"atk":0,"def":31,"spa":31,"spd":31,"spe":31}},{"name":"Tyranitar","species":"Tyranitar","item":"choiceband","ability":"Sand Stream","moves":["pursuit","stoneedge","crunch","icepunch"],"nature":"Adamant","evs":{"hp":56,"atk":252,"def":4,"spa":0,"spd":0,"spe":196},"gender":"M","ivs":{"hp":31,"atk":31,"def":31,"spa":31,"spd":31,"spe":31}},{"name":"Gengar","species":"Gengar","item":"choicescarf","ability":"Levitate","moves":["shadowball","sludgewave","focusblast","trick"],"nature":"Timid","evs":{"hp":0,"atk":0,"def":0,"spa":252,"spd":4,"spe":252},"gender":"M","ivs":{"hp":31,"atk":0,"def":31,"spa":31,"spd":31,"spe":31},"shiny":true},{"name":"Latias","species":"Latias","item":"latiasite","ability":"Levitate","moves":["thunderbolt","icebeam","roost","thunderwave"],"nature":"Timid","evs":{"hp":248,"atk":0,"def":32,"spa":12,"spd":0,"spe":216},"ivs":{"hp":31,"atk":0,"def":31,"spa":31,"spd":31,"spe":31}}],"log":["|player|p1|FlareonDriod|flareondriod.png","|player|p2|BatterBotto|batterbotto.png","|gametype|singles","|gen|6","|tier|OU","|rated","|seed|14172,42919,5539,49548","|clearpoke","|poke|p1|Weavile, F, shiny|item","|poke|p1|Manectric, F, shiny|item","|poke|p1|Azumarill, F, shiny|item","|poke|p1|Talonflame, M, shiny|item","|poke|p1|Chansey, F|item","|poke|p1|Excadrill, M, shiny|item","|poke|p2|Seismitoad, M|item","|poke|p2|Skarmory, F|item","|poke|p2|Clefable, F|item","|poke|p2|Tyranitar, M|item","|poke|p2|Gengar, M, shiny|item","|poke|p2|Latias, F|item","|rule|Swagger Clause: Swagger is banned","|rule|Baton Pass Clause: Limit one Baton Passer, can't pass Spe and other stats simultaneously","|rule|Sleep Clause Mod: Limit one foe put to sleep","|rule|Species Clause: Limit one of each Pokémon","|rule|OHKO Clause: OHKO moves are banned","|rule|Moody Clause: Moody is banned","|rule|Evasion Moves Clause: Evasion moves are banned","|rule|Endless Battle Clause: Forcing endless battles is banned","|rule|HP Percentage Mod: HP is shown in percentages","|teampreview","|choice|team 5, team 1, team 2, team 3, team 4, team 6|team 6, team 1, team 2, team 3, team 4, team 5","|","|start","|switch|p1a: Super Fatty|Chansey, F|703/703","|switch|p2a: Latias|Latias, F|363/363","|turn|1","|choice|switch 2|switch 6","|","|switch|p2a: Gengar|Gengar, M, shiny|261/261","|switch|p1a: Pinky|Weavile, F, shiny|281/281","|-ability|p1a: Pinky|Pressure","|","|turn|2","|choice|move knockoff 1|move focusblast 1","|","|move|p2a: Gengar|Focus Blast|p1a: Pinky","|-supereffective|p1a: Pinky","|-damage|p1a: Pinky|0 fnt","|faint|p1a: Pinky","|","|choice|switch 6|","|","|switch|p1a: Horned|Excadrill, M, shiny|361/361","|-ability|p1a: Horned|Mold Breaker","|turn|3","|choice|move earthquake|move focusblast 1","|","|move|p2a: Gengar|Focus Blast|p1a: Horned","|-supereffective|p1a: Horned","|-damage|p1a: Horned|0 fnt","|faint|p1a: Horned","|","|choice|switch 2|","|","|switch|p1a: Super Fatty|Chansey, F|703/703","|turn|4","|choice|move wish|move focusblast 1","|","|move|p2a: Gengar|Focus Blast|p1a: Super Fatty","|-supereffective|p1a: Super Fatty","|-damage|p1a: Super Fatty|547/703","|move|p1a: Super Fatty|Wish|p1a: Super Fatty","|","|turn|5","|choice|move thunderwave 1|move focusblast 1","|","|move|p2a: Gengar|Focus Blast|p1a: Super Fatty","|-supereffective|p1a: Super Fatty","|-damage|p1a: Super Fatty|401/703","|move|p1a: Super Fatty|Thunder Wave|p2a: Gengar","|-status|p2a: Gengar|par","|","|-heal|p1a: Super Fatty|703/703|[from] move: Wish|[wisher] Super Fatty","|turn|6","|choice|move wish|move focusblast 1","|","|move|p1a: Super Fatty|Wish|p1a: Super Fatty","|move|p2a: Gengar|Focus Blast|p1a: Super Fatty|[miss]","|-miss|p2a: Gengar|p1a: Super Fatty","|","|turn|7","|choice|switch 5|move focusblast 1","|","|switch|p1a: Bird|Talonflame, M, shiny|360/360","|move|p2a: Gengar|Focus Blast|p1a: Bird|[miss]","|-miss|p2a: Gengar|p1a: Bird","|","|turn|8","|choice|move flareblitz 1|switch 5","|","|switch|p2a: Tyranitar|Tyranitar, M|355/355","|-weather|Sandstorm|[from] ability: Sand Stream|[of] p2a: Tyranitar","|move|p1a: Bird|Flare Blitz|p2a: Tyranitar","|-resisted|p2a: Tyranitar","|-crit|p2a: Tyranitar","|-damage|p2a: Tyranitar|207/355","|-damage|p1a: Bird|311/360|[from] recoil|[of] p2a: Tyranitar","|-damage|p1a: Bird|275/360|[from] item: Life Orb","|","|-weather|Sandstorm|[upkeep]","|-damage|p1a: Bird|253/360|[from] sandstorm","|turn|9","|choice|move willowisp 1|move stoneedge 1","|","|move|p1a: Bird|Will-O-Wisp|p2a: Tyranitar|[miss]","|-miss|p1a: Bird|p2a: Tyranitar","|move|p2a: Tyranitar|Stone Edge|p1a: Bird","|-supereffective|p1a: Bird","|-crit|p1a: Bird","|-damage|p1a: Bird|0 fnt","|faint|p1a: Bird","|","|-weather|Sandstorm|[upkeep]","|choice|switch 4|","|","|switch|p1a: Fatty|Azumarill, F, shiny|342/342","|turn|10","|choice|move aquajet 1|move stoneedge 1","|","|move|p1a: Fatty|Aqua Jet|p2a: Tyranitar","|-supereffective|p2a: Tyranitar","|-damage|p2a: Tyranitar|31/355","|move|p2a: Tyranitar|Stone Edge|p1a: Fatty|[miss]","|-miss|p2a: Tyranitar|p1a: Fatty","|","|-weather|Sandstorm|[upkeep]","|-damage|p1a: Fatty|321/342|[from] sandstorm","|turn|11","|choice|move aquajet 1|move stoneedge 1","|","|move|p1a: Fatty|Aqua Jet|p2a: Tyranitar","|-supereffective|p2a: Tyranitar","|-damage|p2a: Tyranitar|0 fnt","|faint|p2a: Tyranitar","|","|-weather|Sandstorm|[upkeep]","|-damage|p1a: Fatty|300/342|[from] sandstorm","|choice||switch 5","|","|switch|p2a: Gengar|Gengar, M, shiny|261/261 par","|turn|12","|choice|switch 5|move sludgewave","|","|switch|p1a: Super Fatty|Chansey, F|703/703","|cant|p2a: Gengar|par","|","|-weather|none","|turn|13","|choice|switch 3|move focusblast 1","|","|switch|p1a: Dog|Manectric, F, shiny|281/281","|move|p2a: Gengar|Focus Blast|p1a: Dog","|-crit|p1a: Dog","|-damage|p1a: Dog|0 fnt","|faint|p1a: Dog","|","|choice|switch 3|","|","|switch|p1a: Super Fatty|Chansey, F|703/703","|turn|14","|choice|switch 5|switch 3","|","|switch|p1a: Fatty|Azumarill, F, shiny|300/342","|switch|p2a: Skarmory|Skarmory, F|333/333","|","|turn|15","|choice|move superpower 1|switch 3","|","|switch|p2a: Gengar|Gengar, M, shiny|261/261 par","|move|p1a: Fatty|Superpower|p2a: Gengar","|-immune|p2a: Gengar|[msg]","|","|turn|16","|choice|switch 5|move sludgewave","|","|switch|p1a: Super Fatty|Chansey, F|703/703","|cant|p2a: Gengar|par","|","|turn|17","|choice|move thunderwave 1|move sludgewave","|","|move|p1a: Super Fatty|Thunder Wave|p2a: Gengar","|-fail|p2a: Gengar|par","|cant|p2a: Gengar|par","|","|turn|18","|choice|move wish|move sludgewave","|","|move|p1a: Super Fatty|Wish|p1a: Super Fatty","|move|p2a: Gengar|Sludge Wave|p1a: Super Fatty","|-damage|p1a: Super Fatty|619/703","|","|turn|19","|choice|switch 5|move sludgewave","|","|switch|p1a: Fatty|Azumarill, F, shiny|300/342","|move|p2a: Gengar|Sludge Wave|p1a: Fatty","|-supereffective|p1a: Fatty","|-damage|p1a: Fatty|0 fnt","|faint|p1a: Fatty","|","|choice|switch 5|","|","|switch|p1a: Super Fatty|Chansey, F|619/703","|turn|20","|choice|move thunderwave 1|move sludgewave","|","|move|p1a: Super Fatty|Thunder Wave|p2a: Gengar","|-fail|p2a: Gengar|par","|move|p2a: Gengar|Sludge Wave|p1a: Super Fatty","|-damage|p1a: Super Fatty|534/703","|","|turn|21","|choice|move wish|move sludgewave","|","|move|p1a: Super Fatty|Wish|p1a: Super Fatty","|move|p2a: Gengar|Sludge Wave|p1a: Super Fatty","|-damage|p1a: Super Fatty|444/703","|","|turn|22","|choice|move healbell|move sludgewave","|","|move|p1a: Super Fatty|Heal Bell|p1a: Super Fatty","|-activate|p1a: Super Fatty|move: Heal Bell","|move|p2a: Gengar|Sludge Wave|p1a: Super Fatty","|-damage|p1a: Super Fatty|362/703","|","|-heal|p1a: Super Fatty|703/703|[from] move: Wish|[wisher] Super Fatty","|turn|23","|choice|move wish|move sludgewave","|","|move|p1a: Super Fatty|Wish|p1a: Super Fatty","|move|p2a: Gengar|Sludge Wave|p1a: Super Fatty","|-damage|p1a: Super Fatty|618/703","|","|turn|24","|choice|move thunderwave 1|move sludgewave","|","|move|p1a: Super Fatty|Thunder Wave|p2a: Gengar","|-fail|p2a: Gengar|par","|move|p2a: Gengar|Sludge Wave|p1a: Super Fatty","|-damage|p1a: Super Fatty|537/703","|","|-heal|p1a: Super Fatty|703/703|[from] move: Wish|[wisher] Super Fatty","|turn|25","|choice|move wish|move sludgewave","|","|move|p1a: Super Fatty|Wish|p1a: Super Fatty","|cant|p2a: Gengar|par","|","|turn|26","|choice|move thunderwave 1|move sludgewave","|","|move|p1a: Super Fatty|Thunder Wave|p2a: Gengar","|-fail|p2a: Gengar|par","|cant|p2a: Gengar|par","|","|turn|27","|choice|move wish|move sludgewave","|","|move|p1a: Super Fatty|Wish|p1a: Super Fatty","|cant|p2a: Gengar|par","|","|turn|28","|choice|move thunderwave 1|move sludgewave","|","|move|p1a: Super Fatty|Thunder Wave|p2a: Gengar","|-fail|p2a: Gengar|par","|move|p2a: Gengar|Sludge Wave|p1a: Super Fatty","|-damage|p1a: Super Fatty|621/703","|","|-heal|p1a: Super Fatty|703/703|[from] move: Wish|[wisher] Super Fatty","|turn|29","|choice|move wish|move sludgewave","|","|move|p1a: Super Fatty|Wish|p1a: Super Fatty","|move|p2a: Gengar|Sludge Wave|p1a: Super Fatty","|-damage|p1a: Super Fatty|624/703","|","|turn|30","|choice|move seismictoss 1|move sludgewave","|","|move|p1a: Super Fatty|Seismic Toss|p2a: Gengar","|-immune|p2a: Gengar|[msg]","|move|p2a: Gengar|Sludge Wave|p1a: Super Fatty","|-damage|p1a: Super Fatty|533/703","|","|-heal|p1a: Super Fatty|703/703|[from] move: Wish|[wisher] Super Fatty","|turn|31","|choice|move wish|move sludgewave","|","|move|p1a: Super Fatty|Wish|p1a: Super Fatty","|move|p2a: Gengar|Sludge Wave|p1a: Super Fatty","|-damage|p1a: Super Fatty|615/703","|","|turn|32","|choice|move healbell|move sludgewave","|","|move|p1a: Super Fatty|Heal Bell|p1a: Super Fatty","|-activate|p1a: Super Fatty|move: Heal Bell","|move|p2a: Gengar|Sludge Wave|p1a: Super Fatty","|-damage|p1a: Super Fatty|527/703","|","|-heal|p1a: Super Fatty|703/703|[from] move: Wish|[wisher] Super Fatty","|turn|33","|choice|move wish|move sludgewave","|","|move|p1a: Super Fatty|Wish|p1a: Super Fatty","|move|p2a: Gengar|Sludge Wave|p1a: Super Fatty","|-damage|p1a: Super Fatty|615/703","|","|turn|34","|choice|move seismictoss 1|move sludgewave","|","|move|p1a: Super Fatty|Seismic Toss|p2a: Gengar","|-immune|p2a: Gengar|[msg]","|move|p2a: Gengar|Sludge Wave|p1a: Super Fatty","|-damage|p1a: Super Fatty|534/703","|","|-heal|p1a: Super Fatty|703/703|[from] move: Wish|[wisher] Super Fatty","|turn|35","|choice|move wish|move sludgewave","|","|move|p1a: Super Fatty|Wish|p1a: Super Fatty","|cant|p2a: Gengar|par","|","|turn|36","|choice|move healbell|move sludgewave","|","|move|p1a: Super Fatty|Heal Bell|p1a: Super Fatty","|-activate|p1a: Super Fatty|move: Heal Bell","|cant|p2a: Gengar|par","|","|turn|37","|choice|move wish|move sludgewave","|","|move|p1a: Super Fatty|Wish|p1a: Super Fatty","|move|p2a: Gengar|Sludge Wave|p1a: Super Fatty","|-damage|p1a: Super Fatty|618/703","|","|turn|38","|choice|move healbell|move sludgewave","|","|move|p1a: Super Fatty|Heal Bell|p1a: Super Fatty","|-activate|p1a: Super Fatty|move: Heal Bell","|move|p2a: Gengar|Sludge Wave|p1a: Super Fatty","|-damage|p1a: Super Fatty|534/703","|-status|p1a: Super Fatty|psn","|","|-heal|p1a: Super Fatty|703/703 psn|[from] move: Wish|[wisher] Super Fatty","|-damage|p1a: Super Fatty|616/703 psn|[from] psn","|turn|39","|choice|move wish|switch 3","|","|switch|p2a: Skarmory|Skarmory, F|333/333","|move|p1a: Super Fatty|Wish|p1a: Super Fatty","|","|-damage|p1a: Super Fatty|529/703 psn|[from] psn","|turn|40","|choice|move healbell|switch 3","|","|switch|p2a: Gengar|Gengar, M, shiny|261/261 par","|move|p1a: Super Fatty|Heal Bell|p1a: Super Fatty","|-activate|p1a: Super Fatty|move: Heal Bell","|-curestatus|p1a: Super Fatty|psn|[msg]","|","|-heal|p1a: Super Fatty|703/703|[from] move: Wish|[wisher] Super Fatty","|turn|41","|choice|move wish|switch 3","|","|switch|p2a: Skarmory|Skarmory, F|333/333","|move|p1a: Super Fatty|Wish|p1a: Super Fatty","|","|turn|42","|choice|move thunderwave 1|switch 3","|","|switch|p2a: Gengar|Gengar, M, shiny|261/261 par","|move|p1a: Super Fatty|Thunder Wave|p2a: Gengar","|-fail|p2a: Gengar|par","|","|turn|43","|choice|move wish|switch 3","|","|switch|p2a: Skarmory|Skarmory, F|333/333","|move|p1a: Super Fatty|Wish|p1a: Super Fatty","|","|turn|44","|choice|move seismictoss 1|switch 3","|","|switch|p2a: Gengar|Gengar, M, shiny|261/261 par","|move|p1a: Super Fatty|Seismic Toss|p2a: Gengar","|-immune|p2a: Gengar|[msg]","|","|turn|45","|choice|move wish|switch 3","|","|switch|p2a: Skarmory|Skarmory, F|333/333","|move|p1a: Super Fatty|Wish|p1a: Super Fatty","|","|turn|46","|choice|move thunderwave 1|switch 3","|","|switch|p2a: Gengar|Gengar, M, shiny|261/261 par","|move|p1a: Super Fatty|Thunder Wave|p2a: Gengar","|-fail|p2a: Gengar|par","|","|turn|47","|choice|move healbell|switch 3","|","|switch|p2a: Skarmory|Skarmory, F|333/333","|move|p1a: Super Fatty|Heal Bell|p1a: Super Fatty","|-activate|p1a: Super Fatty|move: Heal Bell","|","|turn|48","|choice|move seismictoss 1|switch 3","|","|switch|p2a: Gengar|Gengar, M, shiny|261/261 par","|move|p1a: Super Fatty|Seismic Toss|p2a: Gengar","|-immune|p2a: Gengar|[msg]","|","|turn|49","|choice|move healbell|switch 3","|","|switch|p2a: Skarmory|Skarmory, F|333/333","|move|p1a: Super Fatty|Heal Bell|p1a: Super Fatty","|-activate|p1a: Super Fatty|move: Heal Bell","|","|turn|50","|choice|move thunderwave 1|switch 3","|","|switch|p2a: Gengar|Gengar, M, shiny|261/261 par","|move|p1a: Super Fatty|Thunder Wave|p2a: Gengar","|-fail|p2a: Gengar|par","|","|turn|51","|choice|move healbell|switch 3","|","|switch|p2a: Skarmory|Skarmory, F|333/333","|move|p1a: Super Fatty|Heal Bell|p1a: Super Fatty","|-activate|p1a: Super Fatty|move: Heal Bell","|","|turn|52","|choice|move seismictoss 1|switch 3","|","|switch|p2a: Gengar|Gengar, M, shiny|261/261 par","|move|p1a: Super Fatty|Seismic Toss|p2a: Gengar","|-immune|p2a: Gengar|[msg]","|","|turn|53","|choice|move thunderwave 1|switch 3","|","|switch|p2a: Skarmory|Skarmory, F|333/333","|move|p1a: Super Fatty|Thunder Wave|p2a: Skarmory","|-status|p2a: Skarmory|par","|","|turn|54","|choice|move seismictoss 1|switch 3","|","|switch|p2a: Gengar|Gengar, M, shiny|261/261 par","|move|p1a: Super Fatty|Seismic Toss|p2a: Gengar","|-immune|p2a: Gengar|[msg]","|","|turn|55","|choice|move thunderwave 1|switch 3","|","|switch|p2a: Skarmory|Skarmory, F|333/333 par","|move|p1a: Super Fatty|Thunder Wave|p2a: Skarmory","|-fail|p2a: Skarmory|par","|","|turn|56","|choice|move seismictoss 1|switch 3","|","|switch|p2a: Gengar|Gengar, M, shiny|261/261 par","|move|p1a: Super Fatty|Seismic Toss|p2a: Gengar","|-immune|p2a: Gengar|[msg]","|","|turn|57","|choice|move seismictoss 1|switch 3","|","|switch|p2a: Skarmory|Skarmory, F|333/333 par","|move|p1a: Super Fatty|Seismic Toss|p2a: Skarmory","|-damage|p2a: Skarmory|233/333 par","|-damage|p1a: Super Fatty|586/703|[from] item: Rocky Helmet|[of] p2a: Skarmory","|","|turn|58","|choice|move seismictoss 1|switch 3","|","|switch|p2a: Gengar|Gengar, M, shiny|261/261 par","|move|p1a: Super Fatty|Seismic Toss|p2a: Gengar","|-immune|p2a: Gengar|[msg]","|","|turn|59","|choice|move seismictoss 1|switch 3","|","|switch|p2a: Skarmory|Skarmory, F|233/333 par","|move|p1a: Super Fatty|Seismic Toss|p2a: Skarmory","|-damage|p2a: Skarmory|133/333 par","|-damage|p1a: Super Fatty|469/703|[from] item: Rocky Helmet|[of] p2a: Skarmory","|","|turn|60","|choice|move seismictoss 1|switch 3","|","|switch|p2a: Gengar|Gengar, M, shiny|261/261 par","|move|p1a: Super Fatty|Seismic Toss|p2a: Gengar","|-immune|p2a: Gengar|[msg]","|","|turn|61","|choice|move seismictoss 1|switch 3","|","|switch|p2a: Skarmory|Skarmory, F|133/333 par","|move|p1a: Super Fatty|Seismic Toss|p2a: Skarmory","|-damage|p2a: Skarmory|33/333 par","|-damage|p1a: Super Fatty|352/703|[from] item: Rocky Helmet|[of] p2a: Skarmory","|","|turn|62","|choice|move seismictoss 1|switch 3","|","|switch|p2a: Gengar|Gengar, M, shiny|261/261 par","|move|p1a: Super Fatty|Seismic Toss|p2a: Gengar","|-immune|p2a: Gengar|[msg]","|","|turn|63","|choice|move seismictoss 1|switch 3","|","|switch|p2a: Skarmory|Skarmory, F|33/333 par","|move|p1a: Super Fatty|Seismic Toss|p2a: Skarmory","|-damage|p2a: Skarmory|0 fnt","|-damage|p1a: Super Fatty|235/703|[from] item: Rocky Helmet|[of] p2a: Skarmory","|faint|p2a: Skarmory","|","|choice||switch 3","|","|switch|p2a: Gengar|Gengar, M, shiny|261/261 par","|turn|64","|choice|move seismictoss 1|switch 4","|","|switch|p2a: Clefable|Clefable, F|394/394","|move|p1a: Super Fatty|Seismic Toss|p2a: Clefable","|-damage|p2a: Clefable|294/394","|","|-heal|p2a: Clefable|318/394|[from] item: Leftovers","|turn|65","|choice|move thunderwave 1|switch 4","|","|switch|p2a: Gengar|Gengar, M, shiny|261/261 par","|move|p1a: Super Fatty|Thunder Wave|p2a: Gengar","|-fail|p2a: Gengar|par","|","|turn|66","|choice|move thunderwave 1|switch 4","|","|switch|p2a: Clefable|Clefable, F|318/394","|move|p1a: Super Fatty|Thunder Wave|p2a: Clefable","|-status|p2a: Clefable|par","|","|-heal|p2a: Clefable|342/394 par|[from] item: Leftovers","|turn|67","|choice|move seismictoss 1|switch 4","|","|switch|p2a: Gengar|Gengar, M, shiny|261/261 par","|move|p1a: Super Fatty|Seismic Toss|p2a: Gengar","|-immune|p2a: Gengar|[msg]","|","|turn|68","|choice|move thunderwave 1|switch 4","|","|switch|p2a: Clefable|Clefable, F|342/394 par","|move|p1a: Super Fatty|Thunder Wave|p2a: Clefable","|-fail|p2a: Clefable|par","|","|-heal|p2a: Clefable|366/394 par|[from] item: Leftovers","|turn|69","|choice|move seismictoss 1|switch 4","|","|switch|p2a: Gengar|Gengar, M, shiny|261/261 par","|move|p1a: Super Fatty|Seismic Toss|p2a: Gengar","|-immune|p2a: Gengar|[msg]","|","|turn|70","|choice|move thunderwave 1|switch 4","|","|switch|p2a: Clefable|Clefable, F|366/394 par","|move|p1a: Super Fatty|Thunder Wave|p2a: Clefable","|-fail|p2a: Clefable|par","|","|-heal|p2a: Clefable|390/394 par|[from] item: Leftovers","|turn|71","|choice|move seismictoss 1|switch 4","|","|switch|p2a: Gengar|Gengar, M, shiny|261/261 par","|move|p1a: Super Fatty|Seismic Toss|p2a: Gengar","|-immune|p2a: Gengar|[msg]","|","|turn|72","|choice|move thunderwave 1|switch 4","|","|switch|p2a: Clefable|Clefable, F|390/394 par","|move|p1a: Super Fatty|Thunder Wave|p2a: Clefable","|-fail|p2a: Clefable|par","|","|-heal|p2a: Clefable|394/394 par|[from] item: Leftovers","|turn|73","|choice|move seismictoss 1|switch 4","|","|switch|p2a: Gengar|Gengar, M, shiny|261/261 par","|move|p1a: Super Fatty|Seismic Toss|p2a: Gengar","|-immune|p2a: Gengar|[msg]","|","|turn|74","|choice|move seismictoss 1|switch 4","|","|switch|p2a: Clefable|Clefable, F|394/394 par","|move|p1a: Super Fatty|Seismic Toss|p2a: Clefable","|-damage|p2a: Clefable|294/394 par","|","|-heal|p2a: Clefable|318/394 par|[from] item: Leftovers","|turn|75","|choice|move seismictoss 1|switch 4","|","|switch|p2a: Gengar|Gengar, M, shiny|261/261 par","|move|p1a: Super Fatty|Seismic Toss|p2a: Gengar","|-immune|p2a: Gengar|[msg]","|","|turn|76","|choice|move thunderwave 1|switch 4","|","|switch|p2a: Clefable|Clefable, F|318/394 par","|move|p1a: Super Fatty|Thunder Wave|p2a: Clefable","|-fail|p2a: Clefable|par","|","|-heal|p2a: Clefable|342/394 par|[from] item: Leftovers","|turn|77","|choice|move seismictoss 1|switch 4","|","|switch|p2a: Gengar|Gengar, M, shiny|261/261 par","|move|p1a: Super Fatty|Seismic Toss|p2a: Gengar","|-immune|p2a: Gengar|[msg]","|","|turn|78","|choice|move seismictoss 1|switch 4","|","|switch|p2a: Clefable|Clefable, F|342/394 par","|move|p1a: Super Fatty|Seismic Toss|p2a: Clefable","|-damage|p2a: Clefable|242/394 par","|","|-heal|p2a: Clefable|266/394 par|[from] item: Leftovers","|turn|79","|choice|move seismictoss 1|switch 4","|","|switch|p2a: Gengar|Gengar, M, shiny|261/261 par","|move|p1a: Super Fatty|Seismic Toss|p2a: Gengar","|-immune|p2a: Gengar|[msg]","|","|turn|80","|choice|move thunderwave 1|switch 4","|","|switch|p2a: Clefable|Clefable, F|266/394 par","|move|p1a: Super Fatty|Thunder Wave|p2a: Clefable","|-fail|p2a: Clefable|par","|","|-heal|p2a: Clefable|290/394 par|[from] item: Leftovers","|turn|81","|choice|move seismictoss 1|switch 4","|","|switch|p2a: Gengar|Gengar, M, shiny|261/261 par","|move|p1a: Super Fatty|Seismic Toss|p2a: Gengar","|-immune|p2a: Gengar|[msg]","|","|turn|82","|choice|move seismictoss 1|switch 4","|","|switch|p2a: Clefable|Clefable, F|290/394 par","|move|p1a: Super Fatty|Seismic Toss|p2a: Clefable","|-damage|p2a: Clefable|190/394 par","|","|-heal|p2a: Clefable|214/394 par|[from] item: Leftovers","|turn|83","|choice|move seismictoss 1|switch 4","|","|switch|p2a: Gengar|Gengar, M, shiny|261/261 par","|move|p1a: Super Fatty|Seismic Toss|p2a: Gengar","|-immune|p2a: Gengar|[msg]","|","|turn|84","|choice|move seismictoss 1|switch 4","|","|switch|p2a: Clefable|Clefable, F|214/394 par","|move|p1a: Super Fatty|Seismic Toss|p2a: Clefable","|-damage|p2a: Clefable|114/394 par","|","|-heal|p2a: Clefable|138/394 par|[from] item: Leftovers","|turn|85","|choice|move seismictoss 1|switch 4","|","|switch|p2a: Gengar|Gengar, M, shiny|261/261 par","|move|p1a: Super Fatty|Seismic Toss|p2a: Gengar","|-immune|p2a: Gengar|[msg]","|","|turn|86","|choice|move thunderwave 1|switch 4","|","|switch|p2a: Clefable|Clefable, F|138/394 par","|move|p1a: Super Fatty|Thunder Wave|p2a: Clefable","|-fail|p2a: Clefable|par","|","|-heal|p2a: Clefable|162/394 par|[from] item: Leftovers","|turn|87","|choice|move seismictoss 1|switch 4","|","|switch|p2a: Gengar|Gengar, M, shiny|261/261 par","|move|p1a: Super Fatty|Seismic Toss|p2a: Gengar","|-immune|p2a: Gengar|[msg]","|","|turn|88","|choice|move thunderwave 1|switch 4","|","|switch|p2a: Clefable|Clefable, F|162/394 par","|move|p1a: Super Fatty|Thunder Wave|p2a: Clefable","|-fail|p2a: Clefable|par","|","|-heal|p2a: Clefable|186/394 par|[from] item: Leftovers","|turn|89","|choice|move seismictoss 1|switch 4","|","|switch|p2a: Gengar|Gengar, M, shiny|261/261 par","|move|p1a: Super Fatty|Seismic Toss|p2a: Gengar","|-immune|p2a: Gengar|[msg]","|","|turn|90","|choice|move seismictoss 1|switch 4","|","|switch|p2a: Clefable|Clefable, F|186/394 par","|move|p1a: Super Fatty|Seismic Toss|p2a: Clefable","|-damage|p2a: Clefable|86/394 par","|","|-heal|p2a: Clefable|110/394 par|[from] item: Leftovers","|turn|91","|choice|move thunderwave 1|switch 4","|","|switch|p2a: Gengar|Gengar, M, shiny|261/261 par","|move|p1a: Super Fatty|Thunder Wave|p2a: Gengar","|-fail|p2a: Gengar|par","|","|turn|92","|choice|move thunderwave 1|switch 4","|","|switch|p2a: Clefable|Clefable, F|110/394 par","|move|p1a: Super Fatty|Thunder Wave|p2a: Clefable","|-fail|p2a: Clefable|par","|","|-heal|p2a: Clefable|134/394 par|[from] item: Leftovers","|turn|93","|choice|move thunderwave 1|switch 4","|","|switch|p2a: Gengar|Gengar, M, shiny|261/261 par","|move|p1a: Super Fatty|Thunder Wave|p2a: Gengar","|-fail|p2a: Gengar|par","|","|turn|94","|choice|move thunderwave 1|switch 4","|","|switch|p2a: Clefable|Clefable, F|134/394 par","|move|p1a: Super Fatty|Thunder Wave|p2a: Clefable","|-fail|p2a: Clefable|par","|","|-heal|p2a: Clefable|158/394 par|[from] item: Leftovers","|turn|95","|choice|move thunderwave 1|switch 4","|","|switch|p2a: Gengar|Gengar, M, shiny|261/261 par","|move|p1a: Super Fatty|Thunder Wave|p2a: Gengar","|-fail|p2a: Gengar|par","|","|turn|96","|choice|move thunderwave 1|switch 4","|","|switch|p2a: Clefable|Clefable, F|158/394 par","|move|p1a: Super Fatty|Thunder Wave|p2a: Clefable","|-fail|p2a: Clefable|par","|","|-heal|p2a: Clefable|182/394 par|[from] item: Leftovers","|turn|97","|choice|move thunderwave 1|switch 4","|","|switch|p2a: Gengar|Gengar, M, shiny|261/261 par","|move|p1a: Super Fatty|Thunder Wave|p2a: Gengar","|-fail|p2a: Gengar|par","|","|turn|98","|choice|move thunderwave 1|switch 4","|","|switch|p2a: Clefable|Clefable, F|182/394 par","|move|p1a: Super Fatty|Thunder Wave|p2a: Clefable","|-fail|p2a: Clefable|par","|","|-heal|p2a: Clefable|206/394 par|[from] item: Leftovers","|turn|99","|choice|move thunderwave 1|switch 4","|","|switch|p2a: Gengar|Gengar, M, shiny|261/261 par","|move|p1a: Super Fatty|Thunder Wave|p2a: Gengar","|-fail|p2a: Gengar|par","|","|turn|100","|choice|move thunderwave 1|switch 4","|","|switch|p2a: Clefable|Clefable, F|206/394 par","|move|p1a: Super Fatty|Thunder Wave|p2a: Clefable","|-fail|p2a: Clefable|par","|","|-heal|p2a: Clefable|230/394 par|[from] item: Leftovers","|turn|101","|choice|move thunderwave 1|switch 4","|","|switch|p2a: Gengar|Gengar, M, shiny|261/261 par","|move|p1a: Super Fatty|Thunder Wave|p2a: Gengar","|-fail|p2a: Gengar|par","|","|turn|102","|choice|move thunderwave 1|switch 4","|","|switch|p2a: Clefable|Clefable, F|230/394 par","|move|p1a: Super Fatty|Thunder Wave|p2a: Clefable","|-fail|p2a: Clefable|par","|","|-heal|p2a: Clefable|254/394 par|[from] item: Leftovers","|turn|103","|choice|move struggle|switch 4","|","|switch|p2a: Gengar|Gengar, M, shiny|261/261 par","|-activate|p1a: Super Fatty|move: Struggle","|move|p1a: Super Fatty|Struggle|p2a: Gengar","|-damage|p2a: Gengar|250/261 par","|-damage|p1a: Super Fatty|60/703|[from] recoil","|","|turn|104","|choice|move struggle|switch 4","|","|switch|p2a: Clefable|Clefable, F|254/394 par","|-activate|p1a: Super Fatty|move: Struggle","|move|p1a: Super Fatty|Struggle|p2a: Clefable","|-damage|p2a: Clefable|246/394 par","|-damage|p1a: Super Fatty|0 fnt|[from] recoil","|faint|p1a: Super Fatty","|","|win|BatterBotto"],"p1rating":1126.4763579122096,"p2rating":1193.8136226227816,"endType":"normal"}