{"seed":[12539,43618,24600,25960],"turns":42,"p1":"BatterBotto","p2":"FlareonDriod","p1team":[{"name":"Seismitoad","species":"Seismitoad","item":"leftovers","ability":"Water Absorb","moves":["stealthrock","scald","earthpower","toxic"],"nature":"Bold","evs":{"hp":248,"atk":0,"def":240,"spa":0,"spd":20,"spe":0},"gender":"M","ivs":{"hp":31,"atk":0,"def":31,"spa":31,"spd":31,"spe":31}},{"name":"Skarmory","species":"Skarmory","item":"rockyhelmet","ability":"Sturdy","moves":["spikes","ironhead","roost","whirlwind"],"nature":"Impish","evs":{"hp":248,"atk":0,"def":0,"spa":0,"spd":236,"spe":24},"gender":"F","ivs":{"hp":31,"atk":31,"def":31,"spa":31,"spd":31,"spe":31}},{"name":"Clefable","species":"Clefable","item":"leftovers","ability":"Magic Guard","moves":["calmmind","moonblast","flamethrower","softboiled"],"nature":"Calm","evs":{"hp":252,"atk":0,"def":160,"spa":0,"spd":96,"spe":0},"gender":"F","ivs":{"hp":31,"atk":0,"def":31,"spa":31,"spd":31,"spe":31}},{"name":"Tyranitar","species":"Tyranitar","item":"choiceband","ability":"Sand Stream","moves":["pursuit","stoneedge","crunch","icepunch"],"nature":"Adamant","evs":{"hp":56,"atk":252,"def":4,"spa":0,"spd":0,"spe":196},"gender":"M","ivs":{"hp":31,"atk":31,"def":31,"spa":31,"spd":31,"spe":31}},{"name":"Gengar","species":"Gengar","item":"choicescarf","ability":"Levitate","moves":["shadowball","sludgewave","focusblast","trick"],"nature":"Timid","evs":{"hp":0,"atk":0,"def":0,"spa":252,"spd":4,"spe":252},"gender":"M","ivs":{"hp":31,"atk":0,"def":31,"spa":31,"spd":31,"spe":31},"shiny":true},{"name":"Latias","species":"Latias","item":"latiasite","ability":"Levitate","moves":["thunderbolt","icebeam","roost","thunderwave"],"nature":"Timid","evs":{"hp":248,"atk":0,"def":32,"spa":12,"spd":0,"spe":216},"ivs":{"hp":31,"atk":0,"def":31,"spa":31,"spd":31,"spe":31}}],"p2team":[{"name":"Beedrill","species":"Beedrill","item":"beedrillite","ability":"Swarm","moves":["uturn","poisonjab","drillrun","protect"],"nature":"Jolly","evs":{"hp":0,"atk":252,"def":0,"spa":0,"spd":4,"spe":252},"ivs":{"hp":31,"atk":31,"def":31,"spa":31,"spd":31,"spe":31}},{"name":"Whimsicott","species":"Whimsicott","item":"yacheberry","ability":"Prankster","moves":["gigadrain","moonblast","encore","uturn"],"nature":"Timid","evs":{"hp":0,"atk":0,"def":0,"spa":252,"spd":4,"spe":252},"ivs":{"hp":31,"atk":31,"def":31,"spa":31,"spd":31,"spe":31}},{"name":"Empoleon","species":"Empoleon","item":"leftovers","ability":"Torrent","moves":["scald","icebeam","stealthrock","defog"],"nature":"Calm","evs":{"hp":252,"atk":0,"def":0,"spa":4,"spd":252,"spe":0},"ivs":{"hp":31,"atk":0,"def":31,"spa":31,"spd":31,"spe":31}},{"name":"Reuniclus","species":"Reuniclus","item":"leftovers","ability":"Magic Guard","moves":["calmmind","psyshock","shadowball","recover"],"nature":"Bold","evs":{"hp":252,"atk":0,"def":252,"spa":4,"spd":0,"spe":0},"ivs":{"hp":31,"atk":0,"def":31,"spa":31,"spd":31,"spe":31}},{"name":"Toxicroak","species":"Toxicroak","item":"lifeorb","ability":"Dry Skin","moves":["swordsdance","gunkshot","drainpunch","suckerpunch"],"nature":"Jolly","evs":{"hp":0,"atk":252,"def":0,"spa":0,"spd":4,"spe":252},"ivs":{"hp":31,"atk":31,"def":31,"spa":31,"spd":31,"spe":31}},{"name":"Hydreigon","species":"Hydreigon","item":"choicescarf","ability":"Levitate","moves":["dracometeor","darkpulse","fireblast","uturn"],"nature":"Timid","evs":{"hp":0,"atk":0,"def":0,"spa":252,"spd":4,"spe":252},"ivs":{"hp":31,"atk":31,"def":31,"spa":31,"spd":31,"spe":31}}],"log":["|player|p1|BatterBotto|batterbotto.png","|player|p2|FlareonDriod|flareondriod.png","|gametype|singles","|gen|6","|tier|OU","|rated","|seed|12539,43618,24600,25960","|clearpoke","|poke|p1|Seismitoad, M|item","|poke|p1|Skarmory, F|item","|poke|p1|Clefable, F|item","|poke|p1|Tyranitar, M|item","|poke|p1|Gengar, M, shiny|item","|poke|p1|Latias, F|item","|poke|p2|Beedrill, M|item","|poke|p2|Whimsicott, F|item","|poke|p2|Empoleon, F|item","|poke|p2|Reuniclus, F|item","|poke|p2|Toxicroak, M|item","|poke|p2|Hydreigon, M|item","|rule|Swagger Clause: Swagger is banned","|rule|Baton Pass Clause: Limit one Baton Passer, can't pass Spe and other stats simultaneously","|rule|Sleep Clause Mod: Limit one foe put to sleep","|rule|Species Clause: Limit one of each Pokémon","|rule|OHKO Clause: OHKO moves are banned","|rule|Moody Clause: Moody is banned","|rule|Evasion Moves Clause: Evasion moves are banned","|rule|Endless Battle Clause: Forcing endless battles is banned","|rule|HP Percentage Mod: HP is shown in percentages","|teampreview","|choice|team 3, team 1, team 2, team 4, team 5, team 6|team 3, team 1, team 2, team 4, team 5, team 6","|","|start","|switch|p1a: Clefable|Clefable, F|394/394","|switch|p2a: Empoleon|Empoleon, F|372/372","|turn|1","|choice|switch 2|switch 2","|","|switch|p2a: Beedrill|Beedrill, M|271/271","|switch|p1a: Seismitoad|Seismitoad, M|413/413","|","|turn|2","|choice|switch 3|move uturn 1 mega","|","|switch|p1a: Skarmory|Skarmory, F|333/333","|detailschange|p2a: Beedrill|Beedrill-Mega, M","|-mega|p2a: Beedrill|Beedrill|Beedrillite","|move|p2a: Beedrill|U-turn|p1a: Skarmory","|-resisted|p1a: Skarmory","|-damage|p1a: Skarmory|301/333","|-damage|p2a: Beedrill|226/271|[from] item: Rocky Helmet|[of] p1a: Skarmory","|choice||switch 2","|","|switch|p2a: Empoleon|Empoleon, F|372/372","|","|turn|3","|choice|switch 3|move scald 1","|","|switch|p1a: Seismitoad|Seismitoad, M|413/413","|move|p2a: Empoleon|Scald|p1a: Seismitoad","|-immune|p1a: Seismitoad|[msg]|[from] ability: Water Absorb","|","|turn|4","|choice|move earthpower 1|switch 3","|","|switch|p2a: Whimsicott|Whimsicott, F|261/261","|move|p1a: Seismitoad|Earth Power|p2a: Whimsicott","|-resisted|p2a: Whimsicott","|-damage|p2a: Whimsicott|204/261","|","|turn|5","|choice|switch 3|move gigadrain 1","|","|switch|p1a: Skarmory|Skarmory, F|301/333","|move|p2a: Whimsicott|Giga Drain|p1a: Skarmory","|-resisted|p1a: Skarmory","|-damage|p1a: Skarmory|278/333","|-heal|p2a: Whimsicott|216/261|[from] drain|[of] p1a: Skarmory","|","|turn|6","|choice|move spikes|switch 3","|","|switch|p2a: Empoleon|Empoleon, F|372/372","|move|p1a: Skarmory|Spikes|p2a: Empoleon","|-sidestart|p2: FlareonDriod|Spikes","|","|turn|7","|choice|switch 3|move scald 1","|","|switch|p1a: Seismitoad|Seismitoad, M|413/413","|move|p2a: Empoleon|Scald|p1a: Seismitoad","|-immune|p1a: Seismitoad|[msg]|[from] ability: Water Absorb","|","|turn|8","|choice|move earthpower 1|switch 3","|","|switch|p2a: Whimsicott|Whimsicott, F|216/261","|-damage|p2a: Whimsicott|184/261|[from] Spikes","|move|p1a: Seismitoad|Earth Power|p2a: Whimsicott","|-resisted|p2a: Whimsicott","|-damage|p2a: Whimsicott|127/261","|","|turn|9","|choice|switch 3|move gigadrain 1","|","|switch|p1a: Skarmory|Skarmory, F|278/333","|move|p2a: Whimsicott|Giga Drain|p1a: Skarmory","|-resisted|p1a: Skarmory","|-damage|p1a: Skarmory|256/333","|-heal|p2a: Whimsicott|138/261|[from] drain|[of] p1a: Skarmory","|","|turn|10","|choice|move ironhead 1|switch 3","|","|switch|p2a: Empoleon|Empoleon, F|372/372","|-damage|p2a: Empoleon|326/372|[from] Spikes","|move|p1a: Skarmory|Iron Head|p2a: Empoleon","|-resisted|p2a: Empoleon","|-damage|p2a: Empoleon|304/372","|","|-heal|p2a: Empoleon|327/372|[from] item: Leftovers","|turn|11","|choice|switch 3|move scald 1","|","|switch|p1a: Seismitoad|Seismitoad, M|413/413","|move|p2a: Empoleon|Scald|p1a: Seismitoad","|-immune|p1a: Seismitoad|[msg]|[from] ability: Water Absorb","|","|-heal|p2a: Empoleon|350/372|[from] item: Leftovers","|turn|12","|choice|move stealthrock|switch 3","|","|switch|p2a: Whimsicott|Whimsicott, F|138/261","|-damage|p2a: Whimsicott|106/261|[from] Spikes","|move|p1a: Seismitoad|Stealth Rock|p2a: Whimsicott","|-sidestart|p2: FlareonDriod|move: Stealth Rock","|","|turn|13","|choice|move toxic 1|move gigadrain 1","|","|move|p2a: Whimsicott|Giga Drain|p1a: Seismitoad","|-supereffective|p1a: Seismitoad","|-damage|p1a: Seismitoad|0 fnt","|-heal|p2a: Whimsicott|261/261|[from] drain|[of] p1a: Seismitoad","|faint|p1a: Seismitoad","|","|choice|switch 3|","|","|switch|p1a: Skarmory|Skarmory, F|256/333","|turn|14","|choice|move roost|switch 3","|","|switch|p2a: Empoleon|Empoleon, F|350/372","|-damage|p2a: Empoleon|304/372|[from] Spikes","|-damage|p2a: Empoleon|281/372|[from] Stealth Rock","|move|p1a: Skarmory|Roost|p1a: Skarmory","|-heal|p1a: Skarmory|333/333","|","|-heal|p2a: Empoleon|304/372|[from] item: Leftovers","|turn|15","|choice|switch 6|move scald 1","|","|switch|p1a: Latias|Latias, F|363/363","|move|p2a: Empoleon|Scald|p1a: Latias","|-resisted|p1a: Latias","|-damage|p1a: Latias|321/363","|","|-heal|p2a: Empoleon|327/372|[from] item: Leftovers","|turn|16","|choice|move thunderwave 1 mega|switch 3","|","|switch|p2a: Whimsicott|Whimsicott, F|261/261","|-damage|p2a: Whimsicott|229/261|[from] Stealth Rock","|-damage|p2a: Whimsicott|197/261|[from] Spikes","|detailschange|p1a: Latias|Latias-Mega, F","|-mega|p1a: Latias|Latias|Latiasite","|move|p1a: Latias|Thunder Wave|p2a: Whimsicott","|-status|p2a: Whimsicott|par","|","|turn|17","|choice|move icebeam 1|move moonblast 1","|","|move|p1a: Latias|Ice Beam|p2a: Whimsicott","|-supereffective|p2a: Whimsicott","|-enditem|p2a: Whimsicott|Yache Berry|[eat]","|-enditem|p2a: Whimsicott|Yache Berry|[weaken]","|-damage|p2a: Whimsicott|78/261 par","|cant|p2a: Whimsicott|par","|","|turn|18","|choice|move icebeam 1|move moonblast 1","|","|move|p1a: Latias|Ice Beam|p2a: Whimsicott","|-supereffective|p2a: Whimsicott","|-damage|p2a: Whimsicott|0 fnt","|faint|p2a: Whimsicott","|","|choice||switch 3","|","|switch|p2a: Empoleon|Empoleon, F|327/372","|-damage|p2a: Empoleon|281/372|[from] Spikes","|-damage|p2a: Empoleon|258/372|[from] Stealth Rock","|turn|19","|choice|move thunderwave 1|move defog 1","|","|move|p1a: Latias|Thunder Wave|p2a: Empoleon","|-status|p2a: Empoleon|par","|move|p2a: Empoleon|Defog|p1a: Latias","|-unboost|p1a: Latias|evasion|1","|-sideend|p2: FlareonDriod|Spikes|[from] move: Defog|[of] p2a: Empoleon","|-sideend|p2: FlareonDriod|Stealth Rock|[from] move: Defog|[of] p2a: Empoleon","|","|-heal|p2a: Empoleon|281/372 par|[from] item: Leftovers","|turn|20","|choice|move thunderbolt 1|move icebeam 1","|","|move|p1a: Latias|Thunderbolt|p2a: Empoleon","|-supereffective|p2a: Empoleon","|-damage|p2a: Empoleon|141/372 par","|move|p2a: Empoleon|Ice Beam|p1a: Latias","|-supereffective|p1a: Latias","|-damage|p1a: Latias|207/363","|","|-heal|p2a: Empoleon|164/372 par|[from] item: Leftovers","|turn|21","|choice|move thunderbolt 1|move stealthrock","|","|move|p1a: Latias|Thunderbolt|p2a: Empoleon","|-supereffective|p2a: Empoleon","|-damage|p2a: Empoleon|26/372 par","|cant|p2a: Empoleon|par","|","|-heal|p2a: Empoleon|49/372 par|[from] item: Leftovers","|turn|22","|choice|move thunderbolt 1|move stealthrock","|","|move|p1a: Latias|Thunderbolt|p2a: Empoleon","|-supereffective|p2a: Empoleon","|-damage|p2a: Empoleon|0 fnt","|faint|p2a: Empoleon","|","|choice||switch 4","|","|switch|p2a: Reuniclus|Reuniclus, F|424/424","|turn|23","|choice|switch 4|move shadowball 1","|","|switch|p1a: Tyranitar|Tyranitar, M|355/355","|-weather|Sandstorm|[from] ability: Sand Stream|[of] p1a: Tyranitar","|move|p2a: Reuniclus|Shadow Ball|p1a: Tyranitar","|-resisted|p1a: Tyranitar","|-damage|p1a: Tyranitar|331/355","|","|-weather|Sandstorm|[upkeep]","|turn|24","|choice|move crunch 1|switch 5","|","|switch|p2a: Toxicroak|Toxicroak, M|307/307","|move|p1a: Tyranitar|Crunch|p2a: Toxicroak","|-resisted|p2a: Toxicroak","|-damage|p2a: Toxicroak|133/307","|","|-weather|Sandstorm|[upkeep]","|-damage|p2a: Toxicroak|114/307|[from] sandstorm","|turn|25","|choice|move crunch 1|move drainpunch 1","|","|move|p2a: Toxicroak|Drain Punch|p1a: Tyranitar","|-supereffective|p1a: Tyranitar","|-damage|p1a: Tyranitar|0 fnt","|-heal|p2a: Toxicroak|280/307|[from] drain|[of] p1a: Tyranitar","|-damage|p2a: Toxicroak|250/307|[from] item: Life Orb","|faint|p1a: Tyranitar","|","|-weather|Sandstorm|[upkeep]","|-damage|p2a: Toxicroak|231/307|[from] sandstorm","|choice|switch 5|","|","|switch|p1a: Gengar|Gengar, M, shiny|261/261","|turn|26","|choice|move shadowball 1|move suckerpunch 1","|","|move|p2a: Toxicroak|Sucker Punch|p1a: Gengar","|-supereffective|p1a: Gengar","|-damage|p1a: Gengar|0 fnt","|-damage|p2a: Toxicroak|201/307|[from] item: Life Orb","|faint|p1a: Gengar","|","|-weather|Sandstorm|[upkeep]","|-damage|p2a: Toxicroak|182/307|[from] sandstorm","|choice|switch 6|","|","|switch|p1a: Skarmory|Skarmory, F|333/333","|turn|27","|choice|move ironhead 1|move suckerpunch 1","|","|move|p2a: Toxicroak|Sucker Punch|p1a: Skarmory","|-damage|p1a: Skarmory|259/333","|-damage|p2a: Toxicroak|131/307|[from] item: Rocky Helmet|[of] p1a: Skarmory","|-damage|p2a: Toxicroak|101/307|[from] item: Life Orb","|move|p1a: Skarmory|Iron Head|p2a: Toxicroak","|-damage|p2a: Toxicroak|0 fnt","|faint|p2a: Toxicroak","|","|-weather|none","|choice||switch 6","|","|switch|p2a: Hydreigon|Hydreigon, M|325/325","|turn|28","|choice|switch 2|move fireblast 1","|","|switch|p1a: Clefable|Clefable, F|394/394","|move|p2a: Hydreigon|Fire Blast|p1a: Clefable","|-damage|p1a: Clefable|272/394","|","|-heal|p1a: Clefable|296/394|[from] item: Leftovers","|turn|29","|choice|move moonblast 1|move fireblast 1","|","|move|p2a: Hydreigon|Fire Blast|p1a: Clefable","|-damage|p1a: Clefable|187/394","|move|p1a: Clefable|Moonblast|p2a: Hydreigon","|-supereffective|p2a: Hydreigon","|-damage|p2a: Hydreigon|0 fnt","|faint|p2a: Hydreigon","|","|-heal|p1a: Clefable|211/394|[from] item: Leftovers","|choice||switch 2","|","|switch|p2a: Beedrill|Beedrill-Mega, M|226/271","|turn|30","|choice|move softboiled|move drillrun 1","|","|move|p2a: Beedrill|Drill Run|p1a: Clefable","|-damage|p1a: Clefable|94/394","|move|p1a: Clefable|Soft-Boiled|p1a: Clefable","|-heal|p1a: Clefable|291/394","|","|-heal|p1a: Clefable|315/394|[from] item: Leftovers","|turn|31","|choice|move flamethrower 1|move poisonjab 1","|","|move|p2a: Beedrill|Poison Jab|p1a: Clefable","|-supereffective|p1a: Clefable","|-damage|p1a: Clefable|0 fnt","|faint|p1a: Clefable","|","|choice|switch 2|","|","|switch|p1a: Skarmory|Skarmory, F|259/333","|turn|32","|choice|move ironhead 1|switch 5","|","|switch|p2a: Reuniclus|Reuniclus, F|424/424","|move|p1a: Skarmory|Iron Head|p2a: Reuniclus","|-crit|p2a: Reuniclus","|-damage|p2a: Reuniclus|321/424","|","|-heal|p2a: Reuniclus|347/424|[from] item: Leftovers","|turn|33","|choice|switch 4|move shadowball 1","|","|switch|p1a: Latias|Latias-Mega, F|207/363","|move|p2a: Reuniclus|Shadow Ball|p1a: Latias","|-supereffective|p1a: Latias","|-damage|p1a: Latias|107/363","|","|-heal|p2a: Reuniclus|373/424|[from] item: Leftovers","|turn|34","|choice|move thunderbolt 1|move shadowball 1","|","|move|p1a: Latias|Thunderbolt|p2a: Reuniclus","|-damage|p2a: Reuniclus|254/424","|move|p2a: Reuniclus|Shadow Ball|p1a: Latias","|-supereffective|p1a: Latias","|-damage|p1a: Latias|3/363","|","|-heal|p2a: Reuniclus|280/424|[from] item: Leftovers","|turn|35","|choice|move roost|move psyshock 1","|","|move|p1a: Latias|Roost|p1a: Latias","|-heal|p1a: Latias|185/363","|move|p2a: Reuniclus|Psyshock|p1a: Latias","|-resisted|p1a: Latias","|-damage|p1a: Latias|140/363","|","|-heal|p2a: Reuniclus|306/424|[from] item: Leftovers","|turn|36","|choice|move icebeam 1|move shadowball 1","|","|move|p1a: Latias|Ice Beam|p2a: Reuniclus","|-damage|p2a: Reuniclus|204/424","|move|p2a: Reuniclus|Shadow Ball|p1a: Latias","|-supereffective|p1a: Latias","|-damage|p1a: Latias|38/363","|-unboost|p1a: Latias|spd|1","|","|-heal|p2a: Reuniclus|230/424|[from] item: Leftovers","|turn|37","|choice|move thunderbolt 1|move shadowball 1","|","|move|p1a: Latias|Thunderbolt|p2a: Reuniclus","|-damage|p2a: Reuniclus|114/424","|move|p2a: Reuniclus|Shadow Ball|p1a: Latias","|-supereffective|p1a: Latias","|-damage|p1a: Latias|0 fnt","|faint|p1a: Latias","|","|-heal|p2a: Reuniclus|140/424|[from] item: Leftovers","|choice|switch 4|","|","|switch|p1a: Skarmory|Skarmory, F|259/333","|turn|38","|choice|move spikes|move recover","|","|move|p1a: Skarmory|Spikes|p2a: Reuniclus","|-sidestart|p2: FlareonDriod|Spikes","|move|p2a: Reuniclus|Recover|p2a: Reuniclus","|-heal|p2a: Reuniclus|352/424","|","|-heal|p2a: Reuniclus|378/424|[from] item: Leftovers","|turn|39","|choice|move ironhead 1|move shadowball 1","|","|move|p1a: Skarmory|Iron Head|p2a: Reuniclus","|-damage|p2a: Reuniclus|311/424","|move|p2a: Reuniclus|Shadow Ball|p1a: Skarmory","|-damage|p1a: Skarmory|180/333","|","|-heal|p2a: Reuniclus|337/424|[from] item: Leftovers","|turn|40","|choice|move spikes|move shadowball 1","|","|move|p1a: Skarmory|Spikes|p2a: Reuniclus","|-sidestart|p2: FlareonDriod|Spikes","|move|p2a: Reuniclus|Shadow Ball|p1a: Skarmory","|-damage|p1a: Skarmory|104/333","|","|-heal|p2a: Reuniclus|363/424|[from] item: Leftovers","|turn|41","|choice|move spikes|move shadowball 1","|","|move|p1a: Skarmory|Spikes|p2a: Reuniclus","|-sidestart|p2: FlareonDriod|Spikes","|move|p2a: Reuniclus|Shadow Ball|p1a: Skarmory","|-damage|p1a: Skarmory|31/333","|","|-heal|p2a: Reuniclus|389/424|[from] item: Leftovers","|turn|42","|choice|move ironhead 1|move shadowball 1","|","|move|p1a: Skarmory|Iron Head|p2a: Reuniclus","|-damage|p2a: Reuniclus|322/424","|move|p2a: Reuniclus|Shadow Ball|p1a: Skarmory","|-damage|p1a: Skarmory|0 fnt","|faint|p1a: Skarmory","|","|win|FlareonDriod"],"p1rating":1092.7227190033427,"p2rating":1265.0579921801343,"endType":"normal"}