{"seed":[62290,30166,63792,21497],"turns":27,"p1":"FlareonDriod","p2":"BatterBotto","p1team":[{"name":"Pinky","species":"weavile","item":"lifeorb","ability":"Pressure","moves":["knockoff","iciclecrash","iceshard","pursuit"],"nature":"Jolly","evs":{"hp":0,"atk":252,"def":4,"spa":0,"spd":0,"spe":252},"gender":"F","shiny":true,"ivs":{"hp":31,"atk":31,"def":31,"spa":31,"spd":31,"spe":31}},{"name":"Dog","species":"manectric","item":"manectite","ability":"Lightning Rod","moves":["voltswitch","thunderbolt","overheat","hiddenpowerice"],"nature":"Timid","evs":{"hp":0,"atk":0,"def":4,"spa":252,"spd":0,"spe":252},"gender":"F","ivs":{"hp":31,"atk":30,"def":30,"spa":31,"spd":31,"spe":31},"shiny":true},{"name":"Fatty","species":"azumarill","item":"choicescarf","ability":"Huge Power","moves":["playrough","aquajet","waterfall","superpower"],"nature":"Adamant","evs":{"hp":4,"atk":252,"def":0,"spa":0,"spd":0,"spe":252},"gender":"F","shiny":true,"ivs":{"hp":31,"atk":31,"def":31,"spa":31,"spd":31,"spe":31}},{"name":"Bird","species":"talonflame","item":"lifeorb","ability":"Gale Wings","moves":["bravebird","flareblitz","roost","willowisp"],"nature":"Adamant","evs":{"hp":252,"atk":252,"def":0,"spa":0,"spd":4,"spe":0},"shiny":true,"ivs":{"hp":31,"atk":31,"def":31,"spa":31,"spd":31,"spe":31}},{"name":"Super Fatty","species":"chansey","item":"eviolite","ability":"Natural Cure","moves":["healbell","wish","seismictoss","thunderwave"],"nature":"Bold","evs":{"hp":248,"atk":0,"def":8,"spa":0,"spd":252,"spe":0},"ivs":{"hp":31,"atk":31,"def":31,"spa":31,"spd":31,"spe":31}},{"name":"Horned","species":"excadrill","item":"lifeorb","ability":"Mold Breaker","moves":["earthquake","rockslide","stealthrock","rapidspin"],"nature":"Adamant","evs":{"hp":0,"atk":252,"def":0,"spa":0,"spd":4,"spe":252},"gender":"M","shiny":true,"ivs":{"hp":31,"atk":31,"def":31,"spa":31,"spd":31,"spe":31}}],"p2team":[{"name":"Seismitoad","species":"Seismitoad","item":"leftovers","ability":"Water Absorb","moves":["stealthrock","scald","earthpower","toxic"],"nature":"Bold","evs":{"hp":248,"atk":0,"def":240,"spa":0,"spd":20,"spe":0},"gender":"M","ivs":{"hp":31,"atk":0,"def":31,"spa":31,"spd":31,"spe":31}},{"name":"Skarmory","species":"Skarmory","item":"rockyhelmet","ability":"Sturdy","moves":["spikes","ironhead","roost","whirlwind"],"nature":"Impish","evs":{"hp":248,"atk":0,"def":0,"spa":0,"spd":236,"spe":24},"gender":"F","ivs":{"hp":31,"atk":31,"def":31,"spa":31,"spd":31,"spe":31}},{"name":"Clefable","species":"Clefable","item":"leftovers","ability":"Magic Guard","moves":["calmmind","moonblast","flamethrower","softboiled"],"nature":"Calm","evs":{"hp":252,"atk":0,"def":160,"spa":0,"spd":96,"spe":0},"gender":"F","ivs":{"hp":31,"atk":0,"def":31,"spa":31,"spd":31,"spe":31}},{"name":"Tyranitar","species":"Tyranitar","item":"choiceband","ability":"Sand Stream","moves":["pursuit","stoneedge","crunch","icepunch"],"nature":"Adamant","evs":{"hp":56,"atk":252,"def":4,"spa":0,"spd":0,"spe":196},"gender":"M","ivs":{"hp":31,"atk":31,"def":31,"spa":31,"spd":31,"spe":31}},{"name":"Gengar","species":"Gengar","item":"choicescarf","ability":"Levitate","moves":["shadowball","sludgewave","focusblast","trick"],"nature":"Timid","evs":{"hp":0,"atk":0,"def":0,"spa":252,"spd":4,"spe":252},"gender":"M","ivs":{"hp":31,"atk":0,"def":31,"spa":31,"spd":31,"spe":31},"shiny":true},{"name":"Latias","species":"Latias","item":"latiasite","ability":"Levitate","moves":["thunderbolt","icebeam","roost","thunderwave"],"nature":"Timid","evs":{"hp":248,"atk":0,"def":32,"spa":12,"spd":0,"spe":216},"ivs":{"hp":31,"atk":0,"def":31,"spa":31,"spd":31,"spe":31}}],"log":["|player|p1|FlareonDriod|flareondriod.png","|player|p2|BatterBotto|batterbotto.png","|gametype|singles","|gen|6","|tier|OU","|rated","|seed|62290,30166,63792,21497","|clearpoke","|poke|p1|Weavile, F, shiny|item","|poke|p1|Manectric, F, shiny|item","|poke|p1|Azumarill, F, shiny|item","|poke|p1|Talonflame, M, shiny|item","|poke|p1|Chansey, F|item","|poke|p1|Excadrill, M, shiny|item","|poke|p2|Seismitoad, M|item","|poke|p2|Skarmory, F|item","|poke|p2|Clefable, F|item","|poke|p2|Tyranitar, M|item","|poke|p2|Gengar, M, shiny|item","|poke|p2|Latias, F|item","|rule|Swagger Clause: Swagger is banned","|rule|Baton Pass Clause: Limit one Baton Passer, can't pass Spe and other stats simultaneously","|rule|Sleep Clause Mod: Limit one foe put to sleep","|rule|Species Clause: Limit one of each Pokémon","|rule|OHKO Clause: OHKO moves are banned","|rule|Moody Clause: Moody is banned","|rule|Evasion Moves Clause: Evasion moves are banned","|rule|Endless Battle Clause: Forcing endless battles is banned","|rule|HP Percentage Mod: HP is shown in percentages","|teampreview","|choice|team 3, team 1, team 2, team 4, team 5, team 6|team 6, team 1, team 2, team 3, team 4, team 5","|","|start","|switch|p1a: Fatty|Azumarill, F, shiny|342/342","|switch|p2a: Latias|Latias, F|363/363","|turn|1","|choice|move playrough 1|switch 6","|","|switch|p2a: Gengar|Gengar, M, shiny|261/261","|move|p1a: Fatty|Play Rough|p2a: Gengar|[miss]","|-miss|p1a: Fatty|p2a: Gengar","|","|turn|2","|choice|switch 6|move sludgewave","|","|switch|p1a: Horned|Excadrill, M, shiny|361/361","|-ability|p1a: Horned|Mold Breaker","|move|p2a: Gengar|Sludge Wave|p1a: Horned","|-immune|p1a: Horned|[msg]","|","|turn|3","|choice|move earthquake|switch 3","|","|switch|p2a: Skarmory|Skarmory, F|333/333","|move|p1a: Horned|Earthquake|p2a: Skarmory","|-immune|p2a: Skarmory|[msg]","|","|turn|4","|choice|move rockslide|move spikes","|","|move|p1a: Horned|Rock Slide|p2a: Skarmory|[miss]","|-miss|p1a: Horned|p2a: Skarmory","|move|p2a: Skarmory|Spikes|p1a: Horned","|-sidestart|p1: FlareonDriod|Spikes","|","|turn|5","|choice|move rapidspin 1|move spikes","|","|move|p1a: Horned|Rapid Spin|p2a: Skarmory","|-resisted|p2a: Skarmory","|-damage|p2a: Skarmory|320/333","|-damage|p1a: Horned|301/361|[from] item: Rocky Helmet|[of] p2a: Skarmory","|-sideend|p1: FlareonDriod|Spikes|[from] move: Rapid Spin|[of] p1a: Horned","|-damage|p1a: Horned|265/361|[from] item: Life Orb","|move|p2a: Skarmory|Spikes|p1a: Horned","|-sidestart|p1: FlareonDriod|Spikes","|","|turn|6","|choice|move rockslide|move ironhead 1","|","|move|p1a: Horned|Rock Slide|p2a: Skarmory","|-damage|p2a: Skarmory|223/333","|-damage|p1a: Horned|229/361|[from] item: Life Orb","|move|p2a: Skarmory|Iron Head|p1a: Horned","|-resisted|p1a: Horned","|-damage|p1a: Horned|166/361","|","|turn|7","|choice|move rockslide|move roost","|","|move|p1a: Horned|Rock Slide|p2a: Skarmory","|-damage|p2a: Skarmory|126/333","|-damage|p1a: Horned|130/361|[from] item: Life Orb","|move|p2a: Skarmory|Roost|p2a: Skarmory","|-heal|p2a: Skarmory|293/333","|","|turn|8","|choice|move rapidspin 1|move ironhead 1","|","|move|p1a: Horned|Rapid Spin|p2a: Skarmory","|-resisted|p2a: Skarmory","|-damage|p2a: Skarmory|280/333","|-damage|p1a: Horned|70/361|[from] item: Rocky Helmet|[of] p2a: Skarmory","|-sideend|p1: FlareonDriod|Spikes|[from] move: Rapid Spin|[of] p1a: Horned","|-damage|p1a: Horned|34/361|[from] item: Life Orb","|move|p2a: Skarmory|Iron Head|p1a: Horned","|-resisted|p1a: Horned","|-damage|p1a: Horned|0 fnt","|faint|p1a: Horned","|","|choice|switch 3|","|","|switch|p1a: Dog|Manectric, F, shiny|281/281","|turn|9","|choice|move overheat 1 mega|switch 2","|","|switch|p2a: Seismitoad|Seismitoad, M|413/413","|detailschange|p1a: Dog|Manectric-Mega, F, shiny","|-mega|p1a: Dog|Manectric|Manectite","|-ability|p1a: Dog|Intimidate|boost","|-unboost|p2a: Seismitoad|atk|1","|move|p1a: Dog|Overheat|p2a: Seismitoad","|-resisted|p2a: Seismitoad","|-damage|p2a: Seismitoad|311/413","|-unboost|p1a: Dog|spa|2","|","|-heal|p2a: Seismitoad|336/413|[from] item: Leftovers","|turn|10","|choice|switch 6|move earthpower 1","|","|switch|p1a: Fatty|Azumarill, F, shiny|342/342","|move|p2a: Seismitoad|Earth Power|p1a: Fatty","|-damage|p1a: Fatty|239/342","|","|-heal|p2a: Seismitoad|361/413|[from] item: Leftovers","|turn|11","|choice|move superpower 1|move toxic 1","|","|move|p1a: Fatty|Superpower|p2a: Seismitoad","|-damage|p2a: Seismitoad|207/413","|-unboost|p1a: Fatty|atk|1","|-unboost|p1a: Fatty|def|1","|move|p2a: Seismitoad|Toxic|p1a: Fatty","|-status|p1a: Fatty|tox","|","|-heal|p2a: Seismitoad|232/413|[from] item: Leftovers","|-damage|p1a: Fatty|218/342 tox|[from] psn","|turn|12","|choice|move superpower 1|move earthpower 1","|","|move|p1a: Fatty|Superpower|p2a: Seismitoad","|-damage|p2a: Seismitoad|136/413","|-unboost|p1a: Fatty|atk|1","|-unboost|p1a: Fatty|def|1","|move|p2a: Seismitoad|Earth Power|p1a: Fatty","|-damage|p1a: Fatty|106/342 tox","|","|-heal|p2a: Seismitoad|161/413|[from] item: Leftovers","|-damage|p1a: Fatty|64/342 tox|[from] psn","|turn|13","|choice|move superpower 1|move earthpower 1","|","|move|p1a: Fatty|Superpower|p2a: Seismitoad","|-damage|p2a: Seismitoad|88/413","|-unboost|p1a: Fatty|atk|1","|-unboost|p1a: Fatty|def|1","|move|p2a: Seismitoad|Earth Power|p1a: Fatty","|-damage|p1a: Fatty|0 fnt","|faint|p1a: Fatty","|","|-heal|p2a: Seismitoad|113/413|[from] item: Leftovers","|choice|switch 2|","|","|switch|p1a: Pinky|Weavile, F, shiny|281/281","|-ability|p1a: Pinky|Pressure","|turn|14","|choice|move knockoff 1|switch 5","|","|switch|p2a: Tyranitar|Tyranitar, M|355/355","|-weather|Sandstorm|[from] ability: Sand Stream|[of] p2a: Tyranitar","|move|p1a: Pinky|Knock Off|p2a: Tyranitar","|-resisted|p2a: Tyranitar","|-damage|p2a: Tyranitar|255/355","|-enditem|p2a: Tyranitar|Choice Band|[from] move: Knock Off|[of] p1a: Pinky","|-damage|p1a: Pinky|253/281|[from] item: Life Orb","|","|-weather|Sandstorm|[upkeep]","|-damage|p1a: Pinky|236/281|[from] sandstorm","|turn|15","|choice|move iciclecrash 1|move stoneedge 1","|","|move|p1a: Pinky|Icicle Crash|p2a: Tyranitar","|-damage|p2a: Tyranitar|86/355","|-damage|p1a: Pinky|208/281|[from] item: Life Orb","|move|p2a: Tyranitar|Stone Edge|p1a: Pinky|[miss]","|-miss|p2a: Tyranitar|p1a: Pinky","|","|-weather|Sandstorm|[upkeep]","|-damage|p1a: Pinky|191/281|[from] sandstorm","|turn|16","|choice|move iciclecrash 1|move stoneedge 1","|","|move|p1a: Pinky|Icicle Crash|p2a: Tyranitar","|-damage|p2a: Tyranitar|0 fnt","|-damage|p1a: Pinky|163/281|[from] item: Life Orb","|faint|p2a: Tyranitar","|","|-weather|Sandstorm|[upkeep]","|-damage|p1a: Pinky|146/281|[from] sandstorm","|choice||switch 4","|","|switch|p2a: Clefable|Clefable, F|394/394","|turn|17","|choice|move iciclecrash 1|move moonblast 1","|","|move|p1a: Pinky|Icicle Crash|p2a: Clefable","|-damage|p2a: Clefable|209/394","|-damage|p1a: Pinky|118/281|[from] item: Life Orb","|move|p2a: Clefable|Moonblast|p1a: Pinky","|-supereffective|p1a: Pinky","|-damage|p1a: Pinky|0 fnt","|faint|p1a: Pinky","|","|-weather|Sandstorm|[upkeep]","|-heal|p2a: Clefable|233/394|[from] item: Leftovers","|choice|switch 4|","|","|switch|p1a: Bird|Talonflame, M, shiny|360/360","|turn|18","|choice|move flareblitz 1|switch 5","|","|switch|p2a: Seismitoad|Seismitoad, M|113/413","|move|p1a: Bird|Flare Blitz|p2a: Seismitoad","|-resisted|p2a: Seismitoad","|-damage|p2a: Seismitoad|12/413","|-damage|p1a: Bird|327/360|[from] recoil|[of] p2a: Seismitoad","|-damage|p1a: Bird|291/360|[from] item: Life Orb","|","|-weather|none","|-heal|p2a: Seismitoad|37/413|[from] item: Leftovers","|turn|19","|choice|move flareblitz 1|move scald 1","|","|move|p1a: Bird|Flare Blitz|p2a: Seismitoad","|-resisted|p2a: Seismitoad","|-damage|p2a: Seismitoad|0 fnt","|-damage|p1a: Bird|279/360|[from] recoil|[of] p2a: Seismitoad","|-damage|p1a: Bird|243/360|[from] item: Life Orb","|faint|p2a: Seismitoad","|","|choice||switch 6","|","|switch|p2a: Latias|Latias, F|363/363","|turn|20","|choice|move bravebird 1|move thunderbolt 1 mega","|","|detailschange|p2a: Latias|Latias-Mega, F","|-mega|p2a: Latias|Latias|Latiasite","|move|p1a: Bird|Brave Bird|p2a: Latias","|-damage|p2a: Latias|184/363","|-damage|p1a: Bird|184/360|[from] recoil|[of] p2a: Latias","|-damage|p1a: Bird|148/360|[from] item: Life Orb","|move|p2a: Latias|Thunderbolt|p1a: Bird","|-supereffective|p1a: Bird","|-damage|p1a: Bird|0 fnt","|faint|p1a: Bird","|","|choice|switch 6|","|","|switch|p1a: Dog|Manectric-Mega, F, shiny|281/281","|-ability|p1a: Dog|Intimidate|boost","|-unboost|p2a: Latias|atk|1","|turn|21","|choice|move hiddenpower 1|switch 3","|","|switch|p2a: Gengar|Gengar, M, shiny|261/261","|move|p1a: Dog|Hidden Power|p2a: Gengar","|-damage|p2a: Gengar|173/261","|","|turn|22","|choice|move thunderbolt 1|move sludgewave","|","|move|p2a: Gengar|Sludge Wave|p1a: Dog","|-damage|p1a: Dog|67/281","|move|p1a: Dog|Thunderbolt|p2a: Gengar","|-damage|p2a: Gengar|0 fnt","|faint|p2a: Gengar","|","|choice||switch 3","|","|switch|p2a: Latias|Latias-Mega, F|184/363","|turn|23","|choice|move hiddenpower 1|move icebeam 1","|","|move|p1a: Dog|Hidden Power|p2a: Latias","|-supereffective|p2a: Latias","|-damage|p2a: Latias|84/363","|move|p2a: Latias|Ice Beam|p1a: Dog","|-damage|p1a: Dog|0 fnt","|faint|p1a: Dog","|","|choice|switch 5|","|","|switch|p1a: Super Fatty|Chansey, F|703/703","|turn|24","|choice|move seismictoss 1|switch 2","|","|switch|p2a: Skarmory|Skarmory, F|280/333","|move|p1a: Super Fatty|Seismic Toss|p2a: Skarmory","|-damage|p2a: Skarmory|180/333","|-damage|p1a: Super Fatty|586/703|[from] item: Rocky Helmet|[of] p2a: Skarmory","|","|turn|25","|choice|move seismictoss 1|move roost","|","|move|p2a: Skarmory|Roost|p2a: Skarmory","|-heal|p2a: Skarmory|333/333","|move|p1a: Super Fatty|Seismic Toss|p2a: Skarmory","|-damage|p2a: Skarmory|233/333","|-damage|p1a: Super Fatty|469/703|[from] item: Rocky Helmet|[of] p2a: Skarmory","|","|turn|26","|choice|move seismictoss 1|move ironhead 1","|","|move|p2a: Skarmory|Iron Head|p1a: Super Fatty","|-damage|p1a: Super Fatty|243/703","|move|p1a: Super Fatty|Seismic Toss|p2a: Skarmory","|-damage|p2a: Skarmory|133/333","|-damage|p1a: Super Fatty|126/703|[from] item: Rocky Helmet|[of] p2a: Skarmory","|","|turn|27","|choice|move seismictoss 1|move ironhead 1","|","|move|p2a: Skarmory|Iron Head|p1a: Super Fatty","|-crit|p1a: Super Fatty","|-damage|p1a: Super Fatty|0 fnt","|faint|p1a: Super Fatty","|","|win|BatterBotto"],"p1rating":1079.7869971041873,"p2rating":1207.066804348868,"endType":"normal"}