{"seed":[21161,62512,18006,36321],"turns":22,"p1":"FlareonDriod","p2":"BatterBotto","p1team":[{"name":"Beedrill","species":"Beedrill","item":"beedrillite","ability":"Swarm","moves":["uturn","poisonjab","drillrun","protect"],"nature":"Jolly","evs":{"hp":0,"atk":252,"def":0,"spa":0,"spd":4,"spe":252},"ivs":{"hp":31,"atk":31,"def":31,"spa":31,"spd":31,"spe":31}},{"name":"Whimsicott","species":"Whimsicott","item":"yacheberry","ability":"Prankster","moves":["gigadrain","moonblast","encore","uturn"],"nature":"Timid","evs":{"hp":0,"atk":0,"def":0,"spa":252,"spd":4,"spe":252},"ivs":{"hp":31,"atk":31,"def":31,"spa":31,"spd":31,"spe":31}},{"name":"Empoleon","species":"Empoleon","item":"leftovers","ability":"Torrent","moves":["scald","icebeam","stealthrock","defog"],"nature":"Calm","evs":{"hp":252,"atk":0,"def":0,"spa":4,"spd":252,"spe":0},"ivs":{"hp":31,"atk":0,"def":31,"spa":31,"spd":31,"spe":31}},{"name":"Reuniclus","species":"Reuniclus","item":"leftovers","ability":"Magic Guard","moves":["calmmind","psyshock","shadowball","recover"],"nature":"Bold","evs":{"hp":252,"atk":0,"def":252,"spa":4,"spd":0,"spe":0},"ivs":{"hp":31,"atk":0,"def":31,"spa":31,"spd":31,"spe":31}},{"name":"Toxicroak","species":"Toxicroak","item":"lifeorb","ability":"Dry Skin","moves":["swordsdance","gunkshot","drainpunch","suckerpunch"],"nature":"Jolly","evs":{"hp":0,"atk":252,"def":0,"spa":0,"spd":4,"spe":252},"ivs":{"hp":31,"atk":31,"def":31,"spa":31,"spd":31,"spe":31}},{"name":"Hydreigon","species":"Hydreigon","item":"choicescarf","ability":"Levitate","moves":["dracometeor","darkpulse","fireblast","uturn"],"nature":"Timid","evs":{"hp":0,"atk":0,"def":0,"spa":252,"spd":4,"spe":252},"ivs":{"hp":31,"atk":31,"def":31,"spa":31,"spd":31,"spe":31}}],"p2team":[{"name":"U.N. Oven Was Her","species":"rotomheat","item":"leftovers","ability":"Levitate","moves":["overheat","voltswitch","painsplit","thunderwave"],"nature":"Bold","evs":{"hp":248,"atk":0,"def":216,"spa":0,"spd":0,"spe":44},"ivs":{"hp":31,"atk":0,"def":31,"spa":31,"spd":31,"spe":31}},{"name":"D'Artagnan","species":"keldeoresolute","item":"choicespecs","ability":"Justified","moves":["hydropump","secretsword","scald","icywind"],"nature":"Timid","evs":{"hp":0,"atk":0,"def":0,"spa":252,"spd":4,"spe":252},"ivs":{"hp":31,"atk":0,"def":31,"spa":31,"spd":31,"spe":31}},{"name":"Diglett Sr.","species":"excadrill","item":"lifeorb","ability":"Sand Rush","moves":["earthquake","ironhead","rockslide","rapidspin"],"nature":"Adamant","evs":{"hp":0,"atk":252,"def":4,"spa":0,"spd":0,"spe":252},"gender":"M","ivs":{"hp":31,"atk":31,"def":31,"spa":31,"spd":31,"spe":31}},{"name":"Armor","species":"tyranitar","item":"smoothrock","ability":"Sand Stream","moves":["rockslide","icebeam","stealthrock","pursuit"],"nature":"Sassy","evs":{"hp":252,"atk":0,"def":0,"spa":4,"spd":252,"spe":0},"gender":"M","ivs":{"hp":31,"atk":31,"def":31,"spa":31,"spd":31,"spe":31}},{"name":"SNEK STAHP","species":"serperior","item":"expertbelt","ability":"Contrary","moves":["leafstorm","hiddenpowerfire","dragonpulse","knockoff"],"nature":"Timid","evs":{"hp":0,"atk":0,"def":0,"spa":252,"spd":4,"spe":252},"gender":"F","ivs":{"hp":31,"atk":30,"def":31,"spa":30,"spd":31,"spe":30}},{"name":"Waifumon","species":"gardevoir","item":"gardevoirite","ability":"Trace","moves":["hypervoice","psyshock","taunt","healingwish"],"nature":"Timid","evs":{"hp":16,"atk":0,"def":8,"spa":232,"spd":0,"spe":252},"gender":"F","ivs":{"hp":31,"atk":0,"def":31,"spa":31,"spd":31,"spe":31}}],"log":["|player|p1|FlareonDriod|flareondriod.png","|player|p2|BatterBotto|batterbotto.png","|gametype|singles","|gen|6","|tier|OU","|rated","|seed|21161,62512,18006,36321","|clearpoke","|poke|p1|Beedrill, M|item","|poke|p1|Whimsicott, F|item","|poke|p1|Empoleon, M|item","|poke|p1|Reuniclus, F|item","|poke|p1|Toxicroak, M|item","|poke|p1|Hydreigon, F|item","|poke|p2|Rotom-Heat|item","|poke|p2|Keldeo-Resolute|item","|poke|p2|Excadrill, M|item","|poke|p2|Tyranitar, M|item","|poke|p2|Serperior, F|item","|poke|p2|Gardevoir, F|item","|rule|Swagger Clause: Swagger is banned","|rule|Baton Pass Clause: Limit one Baton Passer, can't pass Spe and other stats simultaneously","|rule|Sleep Clause Mod: Limit one foe put to sleep","|rule|Species Clause: Limit one of each Pokémon","|rule|OHKO Clause: OHKO moves are banned","|rule|Moody Clause: Moody is banned","|rule|Evasion Moves Clause: Evasion moves are banned","|rule|Endless Battle Clause: Forcing endless battles is banned","|rule|HP Percentage Mod: HP is shown in percentages","|teampreview","|choice|team 5, team 1, team 2, team 3, team 4, team 6|team 5, team 1, team 2, team 3, team 4, team 6","|","|start","|switch|p1a: Toxicroak|Toxicroak, M|307/307","|switch|p2a: SNEK STAHP|Serperior, F|291/291","|turn|1","|choice|move gunkshot 1|switch 4","|","|switch|p2a: Diglett Sr.|Excadrill, M|361/361","|move|p1a: Toxicroak|Gunk Shot|p2a: Diglett Sr.","|-immune|p2a: Diglett Sr.|[msg]","|","|turn|2","|choice|move drainpunch 1|move ironhead 1","|","|move|p1a: Toxicroak|Drain Punch|p2a: Diglett Sr.","|-supereffective|p2a: Diglett Sr.","|-damage|p2a: Diglett Sr.|0 fnt","|-damage|p1a: Toxicroak|277/307|[from] item: Life Orb","|faint|p2a: Diglett Sr.","|","|choice||switch 3","|","|switch|p2a: D'Artagnan|Keldeo-Resolute|323/323","|turn|3","|choice|move gunkshot 1|move hydropump 1","|","|move|p2a: D'Artagnan|Hydro Pump|p1a: Toxicroak","|-heal|p1a: Toxicroak|307/307|[from] ability: Dry Skin|[of] p2a: D'Artagnan","|move|p1a: Toxicroak|Gunk Shot|p2a: D'Artagnan|[miss]","|-miss|p1a: Toxicroak|p2a: D'Artagnan","|","|turn|4","|choice|move gunkshot 1|switch 2","|","|switch|p2a: U.N. Oven Was Her|Rotom-Heat|303/303","|move|p1a: Toxicroak|Gunk Shot|p2a: U.N. Oven Was Her|[miss]","|-miss|p1a: Toxicroak|p2a: U.N. Oven Was Her","|","|turn|5","|choice|move gunkshot 1|move thunderwave 1","|","|move|p1a: Toxicroak|Gunk Shot|p2a: U.N. Oven Was Her","|-damage|p2a: U.N. Oven Was Her|138/303","|-status|p2a: U.N. Oven Was Her|psn","|-damage|p1a: Toxicroak|277/307|[from] item: Life Orb","|move|p2a: U.N. Oven Was Her|Thunder Wave|p1a: Toxicroak","|-status|p1a: Toxicroak|par","|","|-heal|p2a: U.N. Oven Was Her|156/303 psn|[from] item: Leftovers","|-damage|p2a: U.N. Oven Was Her|119/303 psn|[from] psn","|turn|6","|choice|move drainpunch 1|move painsplit 1","|","|move|p2a: U.N. Oven Was Her|Pain Split|p1a: Toxicroak","|-sethp|p1a: Toxicroak|198/307 par|p2a: U.N. Oven Was Her|198/303 psn|[from] move: Pain Split","|cant|p1a: Toxicroak|par","|","|-heal|p2a: U.N. Oven Was Her|216/303 psn|[from] item: Leftovers","|-damage|p2a: U.N. Oven Was Her|179/303 psn|[from] psn","|turn|7","|choice|move suckerpunch 1|move overheat 1","|","|move|p1a: Toxicroak|Sucker Punch|p2a: U.N. Oven Was Her","|-damage|p2a: U.N. Oven Was Her|104/303 psn","|-damage|p1a: Toxicroak|168/307 par|[from] item: Life Orb","|move|p2a: U.N. Oven Was Her|Overheat|p1a: Toxicroak","|-damage|p1a: Toxicroak|0 fnt","|-unboost|p2a: U.N. Oven Was Her|spa|2","|faint|p1a: Toxicroak","|","|-heal|p2a: U.N. Oven Was Her|122/303 psn|[from] item: Leftovers","|-damage|p2a: U.N. Oven Was Her|85/303 psn|[from] psn","|choice|switch 6|","|","|switch|p1a: Hydreigon|Hydreigon, F|325/325","|turn|8","|choice|move dracometeor 1|switch 6","|","|switch|p2a: Waifumon|Gardevoir, F|281/281","|-ability|p2a: Waifumon|Levitate|[from] ability: Trace|[of] p1a: Hydreigon","|move|p1a: Hydreigon|Draco Meteor|p2a: Waifumon","|-immune|p2a: Waifumon|[msg]","|","|turn|9","|choice|switch 4|move hypervoice mega","|","|switch|p1a: Empoleon|Empoleon, M|372/372","|detailschange|p2a: Waifumon|Gardevoir-Mega, F","|-mega|p2a: Waifumon|Gardevoir|Gardevoirite","|move|p2a: Waifumon|Hyper Voice|p1a: Empoleon","|-resisted|p1a: Empoleon","|-damage|p1a: Empoleon|282/372","|","|-heal|p1a: Empoleon|305/372|[from] item: Leftovers","|turn|10","|choice|move scald 1|move taunt 1","|","|move|p2a: Waifumon|Taunt|p1a: Empoleon","|-start|p1a: Empoleon|move: Taunt","|move|p1a: Empoleon|Scald|p2a: Waifumon","|-damage|p2a: Waifumon|196/281","|-status|p2a: Waifumon|brn","|","|-heal|p1a: Empoleon|328/372|[from] item: Leftovers","|-damage|p2a: Waifumon|161/281 brn|[from] brn","|turn|11","|choice|move scald 1|switch 2","|","|switch|p2a: D'Artagnan|Keldeo-Resolute|323/323","|move|p1a: Empoleon|Scald|p2a: D'Artagnan","|-resisted|p2a: D'Artagnan","|-damage|p2a: D'Artagnan|269/323","|","|-heal|p1a: Empoleon|351/372|[from] item: Leftovers","|turn|12","|choice|switch 3|move secretsword 1","|","|switch|p1a: Whimsicott|Whimsicott, F|261/261","|move|p2a: D'Artagnan|Secret Sword|p1a: Whimsicott","|-resisted|p1a: Whimsicott","|-crit|p1a: Whimsicott","|-damage|p1a: Whimsicott|62/261","|","|turn|13","|choice|move moonblast 1|move secretsword 1","|","|move|p1a: Whimsicott|Moonblast|p2a: D'Artagnan","|-supereffective|p2a: D'Artagnan","|-damage|p2a: D'Artagnan|23/323","|-unboost|p2a: D'Artagnan|spa|1","|move|p2a: D'Artagnan|Secret Sword|p1a: Whimsicott","|-resisted|p1a: Whimsicott","|-damage|p1a: Whimsicott|0 fnt","|faint|p1a: Whimsicott","|","|choice|switch 2|","|","|switch|p1a: Beedrill|Beedrill, M|271/271","|turn|14","|choice|move poisonjab 1 mega|switch 6","|","|switch|p2a: U.N. Oven Was Her|Rotom-Heat|85/303 psn","|detailschange|p1a: Beedrill|Beedrill-Mega, M","|-mega|p1a: Beedrill|Beedrill|Beedrillite","|move|p1a: Beedrill|Poison Jab|p2a: U.N. Oven Was Her","|-damage|p2a: U.N. Oven Was Her|0 fnt","|faint|p2a: U.N. Oven Was Her","|","|choice||switch 6","|","|switch|p2a: D'Artagnan|Keldeo-Resolute|23/323","|turn|15","|choice|move poisonjab 1|move hydropump 1","|","|move|p1a: Beedrill|Poison Jab|p2a: D'Artagnan","|-damage|p2a: D'Artagnan|0 fnt","|faint|p2a: D'Artagnan","|","|choice||switch 5","|","|switch|p2a: Armor|Tyranitar, M|404/404","|-weather|Sandstorm|[from] ability: Sand Stream|[of] p2a: Armor","|turn|16","|choice|move drillrun 1|move stealthrock","|","|move|p1a: Beedrill|Drill Run|p2a: Armor","|-supereffective|p2a: Armor","|-damage|p2a: Armor|192/404","|move|p2a: Armor|Stealth Rock|p1a: Beedrill","|-sidestart|p1: FlareonDriod|move: Stealth Rock","|","|-weather|Sandstorm|[upkeep]","|-damage|p1a: Beedrill|255/271|[from] sandstorm","|turn|17","|choice|move poisonjab 1|move rockslide","|","|move|p1a: Beedrill|Poison Jab|p2a: Armor","|-resisted|p2a: Armor","|-damage|p2a: Armor|100/404","|-status|p2a: Armor|psn","|move|p2a: Armor|Rock Slide|p1a: Beedrill","|-supereffective|p1a: Beedrill","|-damage|p1a: Beedrill|0 fnt","|faint|p1a: Beedrill","|","|-weather|Sandstorm|[upkeep]","|-damage|p2a: Armor|50/404 psn|[from] psn","|choice|switch 4|","|","|switch|p1a: Hydreigon|Hydreigon, F|325/325","|-damage|p1a: Hydreigon|285/325|[from] Stealth Rock","|turn|18","|choice|move fireblast 1|switch 2","|","|switch|p2a: Waifumon|Gardevoir-Mega, F|161/281 brn","|move|p1a: Hydreigon|Fire Blast|p2a: Waifumon","|-damage|p2a: Waifumon|64/281 brn","|","|-weather|Sandstorm|[upkeep]","|-damage|p1a: Hydreigon|265/325|[from] sandstorm","|-damage|p2a: Waifumon|47/281 brn|[from] sandstorm","|-damage|p2a: Waifumon|12/281 brn|[from] brn","|turn|19","|choice|move fireblast 1|move hypervoice","|","|move|p1a: Hydreigon|Fire Blast|p2a: Waifumon","|-damage|p2a: Waifumon|0 fnt","|faint|p2a: Waifumon","|","|-weather|Sandstorm|[upkeep]","|-damage|p1a: Hydreigon|245/325|[from] sandstorm","|choice||switch 2","|","|switch|p2a: Armor|Tyranitar, M|50/404 psn","|turn|20","|choice|move fireblast 1|move rockslide","|","|move|p1a: Hydreigon|Fire Blast|p2a: Armor|[miss]","|-miss|p1a: Hydreigon|p2a: Armor","|move|p2a: Armor|Rock Slide|p1a: Hydreigon","|-damage|p1a: Hydreigon|124/325","|","|-weather|Sandstorm|[upkeep]","|-damage|p1a: Hydreigon|104/325|[from] sandstorm","|-damage|p2a: Armor|0 fnt|[from] psn","|faint|p2a: Armor","|choice||switch 4","|","|switch|p2a: SNEK STAHP|Serperior, F|291/291","|turn|21","|choice|move fireblast 1|move dragonpulse 1","|","|move|p1a: Hydreigon|Fire Blast|p2a: SNEK STAHP","|-supereffective|p2a: SNEK STAHP","|-damage|p2a: SNEK STAHP|27/291","|move|p2a: SNEK STAHP|Dragon Pulse|p1a: Hydreigon","|-supereffective|p1a: Hydreigon","|-damage|p1a: Hydreigon|0 fnt","|faint|p1a: Hydreigon","|","|-weather|Sandstorm|[upkeep]","|-damage|p2a: SNEK STAHP|9/291|[from] sandstorm","|choice|switch 3|","|","|switch|p1a: Empoleon|Empoleon, M|351/372","|-damage|p1a: Empoleon|328/372|[from] Stealth Rock","|turn|22","|choice|move scald 1|move leafstorm 1","|","|move|p2a: SNEK STAHP|Leaf Storm|p1a: Empoleon","|-damage|p1a: Empoleon|210/372","|-boost|p2a: SNEK STAHP|spa|2","|move|p1a: Empoleon|Scald|p2a: SNEK STAHP","|-resisted|p2a: SNEK STAHP","|-damage|p2a: SNEK STAHP|0 fnt","|faint|p2a: SNEK STAHP","|","|win|FlareonDriod"],"p1rating":1205.3254713281244,"p2rating":1152.25388078873,"endType":"normal"}