{"seed":[30101,34770,47224,64782],"turns":23,"p1":"BatterBotto","p2":"FlareonDriod","p1team":[{"name":"U.N. Oven Was Her","species":"rotomheat","item":"leftovers","ability":"Levitate","moves":["overheat","voltswitch","painsplit","thunderwave"],"nature":"Bold","evs":{"hp":248,"atk":0,"def":216,"spa":0,"spd":0,"spe":44},"ivs":{"hp":31,"atk":0,"def":31,"spa":31,"spd":31,"spe":31}},{"name":"D'Artagnan","species":"keldeoresolute","item":"choicespecs","ability":"Justified","moves":["hydropump","secretsword","scald","icywind"],"nature":"Timid","evs":{"hp":0,"atk":0,"def":0,"spa":252,"spd":4,"spe":252},"ivs":{"hp":31,"atk":0,"def":31,"spa":31,"spd":31,"spe":31}},{"name":"Diglett Sr.","species":"excadrill","item":"lifeorb","ability":"Sand Rush","moves":["earthquake","ironhead","rockslide","rapidspin"],"nature":"Adamant","evs":{"hp":0,"atk":252,"def":4,"spa":0,"spd":0,"spe":252},"gender":"M","ivs":{"hp":31,"atk":31,"def":31,"spa":31,"spd":31,"spe":31}},{"name":"Armor","species":"tyranitar","item":"smoothrock","ability":"Sand Stream","moves":["rockslide","icebeam","stealthrock","pursuit"],"nature":"Sassy","evs":{"hp":252,"atk":0,"def":0,"spa":4,"spd":252,"spe":0},"gender":"M","ivs":{"hp":31,"atk":31,"def":31,"spa":31,"spd":31,"spe":31}},{"name":"SNEK STAHP","species":"serperior","item":"expertbelt","ability":"Contrary","moves":["leafstorm","hiddenpowerfire","dragonpulse","knockoff"],"nature":"Timid","evs":{"hp":0,"atk":0,"def":0,"spa":252,"spd":4,"spe":252},"gender":"F","ivs":{"hp":31,"atk":30,"def":31,"spa":30,"spd":31,"spe":30}},{"name":"Waifumon","species":"gardevoir","item":"gardevoirite","ability":"Trace","moves":["hypervoice","psyshock","taunt","healingwish"],"nature":"Timid","evs":{"hp":16,"atk":0,"def":8,"spa":232,"spd":0,"spe":252},"gender":"F","ivs":{"hp":31,"atk":0,"def":31,"spa":31,"spd":31,"spe":31}}],"p2team":[{"name":"Pinky","species":"weavile","item":"lifeorb","ability":"Pressure","moves":["knockoff","iciclecrash","iceshard","pursuit"],"nature":"Jolly","evs":{"hp":0,"atk":252,"def":4,"spa":0,"spd":0,"spe":252},"gender":"F","shiny":true,"ivs":{"hp":31,"atk":31,"def":31,"spa":31,"spd":31,"spe":31}},{"name":"Dog","species":"manectric","item":"manectite","ability":"Lightning Rod","moves":["voltswitch","thunderbolt","overheat","hiddenpowerice"],"nature":"Timid","evs":{"hp":0,"atk":0,"def":4,"spa":252,"spd":0,"spe":252},"gender":"F","ivs":{"hp":31,"atk":30,"def":30,"spa":31,"spd":31,"spe":31},"shiny":true},{"name":"Fatty","species":"azumarill","item":"choicescarf","ability":"Huge Power","moves":["playrough","aquajet","waterfall","superpower"],"nature":"Adamant","evs":{"hp":4,"atk":252,"def":0,"spa":0,"spd":0,"spe":252},"gender":"F","shiny":true,"ivs":{"hp":31,"atk":31,"def":31,"spa":31,"spd":31,"spe":31}},{"name":"Bird","species":"talonflame","item":"lifeorb","ability":"Gale Wings","moves":["bravebird","flareblitz","roost","willowisp"],"nature":"Adamant","evs":{"hp":252,"atk":252,"def":0,"spa":0,"spd":4,"spe":0},"shiny":true,"ivs":{"hp":31,"atk":31,"def":31,"spa":31,"spd":31,"spe":31}},{"name":"Super Fatty","species":"chansey","item":"eviolite","ability":"Natural Cure","moves":["healbell","wish","seismictoss","thunderwave"],"nature":"Bold","evs":{"hp":248,"atk":0,"def":8,"spa":0,"spd":252,"spe":0},"ivs":{"hp":31,"atk":31,"def":31,"spa":31,"spd":31,"spe":31}},{"name":"Horned","species":"excadrill","item":"lifeorb","ability":"Mold Breaker","moves":["earthquake","rockslide","stealthrock","rapidspin"],"nature":"Adamant","evs":{"hp":0,"atk":252,"def":0,"spa":0,"spd":4,"spe":252},"gender":"M","shiny":true,"ivs":{"hp":31,"atk":31,"def":31,"spa":31,"spd":31,"spe":31}}],"log":["|player|p1|BatterBotto|batterbotto.png","|player|p2|FlareonDriod|flareondriod.png","|gametype|singles","|gen|6","|tier|OU","|rated","|seed|30101,34770,47224,64782","|clearpoke","|poke|p1|Rotom-Heat|item","|poke|p1|Keldeo-Resolute|item","|poke|p1|Excadrill, M|item","|poke|p1|Tyranitar, M|item","|poke|p1|Serperior, F|item","|poke|p1|Gardevoir, F|item","|poke|p2|Weavile, F, shiny|item","|poke|p2|Manectric, F, shiny|item","|poke|p2|Azumarill, F, shiny|item","|poke|p2|Talonflame, F, shiny|item","|poke|p2|Chansey, F|item","|poke|p2|Excadrill, M, shiny|item","|rule|Swagger Clause: Swagger is banned","|rule|Baton Pass Clause: Limit one Baton Passer, can't pass Spe and other stats simultaneously","|rule|Sleep Clause Mod: Limit one foe put to sleep","|rule|Species Clause: Limit one of each Pokémon","|rule|OHKO Clause: OHKO moves are banned","|rule|Moody Clause: Moody is banned","|rule|Evasion Moves Clause: Evasion moves are banned","|rule|Endless Battle Clause: Forcing endless battles is banned","|rule|HP Percentage Mod: HP is shown in percentages","|teampreview","|choice|team 1, team 2, team 3, team 4, team 5, team 6|team 4, team 1, team 2, team 3, team 5, team 6","|","|start","|switch|p1a: U.N. Oven Was Her|Rotom-Heat|303/303","|switch|p2a: Bird|Talonflame, F, shiny|360/360","|turn|1","|choice|move voltswitch 1|move bravebird 1","|","|move|p2a: Bird|Brave Bird|p1a: U.N. Oven Was Her","|-resisted|p1a: U.N. Oven Was Her","|-damage|p1a: U.N. Oven Was Her|230/303","|-damage|p2a: Bird|336/360|[from] recoil|[of] p1a: U.N. Oven Was Her","|-damage|p2a: Bird|300/360|[from] item: Life Orb","|move|p1a: U.N. Oven Was Her|Volt Switch|p2a: Bird","|-supereffective|p2a: Bird","|-damage|p2a: Bird|82/360","|choice|switch 4|","|","|switch|p1a: Armor|Tyranitar, M|404/404","|-weather|Sandstorm|[from] ability: Sand Stream|[of] p1a: Armor","|","|-weather|Sandstorm|[upkeep]","|-damage|p2a: Bird|60/360|[from] sandstorm","|turn|2","|choice|move pursuit 1|switch 6","|","|-activate|p2a: Bird|move: Pursuit","|move|p1a: Armor|Pursuit|p2a: Bird|[from]Pursuit","|-damage|p2a: Bird|0 fnt","|faint|p2a: Bird","|","|-weather|Sandstorm|[upkeep]","|choice||switch 6","|","|switch|p2a: Horned|Excadrill, M, shiny|361/361","|-ability|p2a: Horned|Mold Breaker","|turn|3","|choice|switch 2|move earthquake","|","|switch|p1a: D'Artagnan|Keldeo-Resolute|323/323","|move|p2a: Horned|Earthquake|p1a: D'Artagnan","|-damage|p1a: D'Artagnan|53/323","|-damage|p2a: Horned|325/361|[from] item: Life Orb","|","|-weather|Sandstorm|[upkeep]","|-damage|p1a: D'Artagnan|33/323|[from] sandstorm","|turn|4","|choice|move scald 1|move earthquake","|","|move|p1a: D'Artagnan|Scald|p2a: Horned","|-supereffective|p2a: Horned","|-damage|p2a: Horned|0 fnt","|faint|p2a: Horned","|","|-weather|Sandstorm|[upkeep]","|-damage|p1a: D'Artagnan|13/323|[from] sandstorm","|choice||switch 4","|","|switch|p2a: Fatty|Azumarill, F, shiny|342/342","|turn|5","|choice|switch 5|move superpower 1","|","|switch|p1a: SNEK STAHP|Serperior, F|291/291","|move|p2a: Fatty|Superpower|p1a: SNEK STAHP","|-damage|p1a: SNEK STAHP|121/291","|-unboost|p2a: Fatty|atk|1","|-unboost|p2a: Fatty|def|1","|","|-weather|Sandstorm|[upkeep]","|-damage|p1a: SNEK STAHP|103/291|[from] sandstorm","|-damage|p2a: Fatty|321/342|[from] sandstorm","|turn|6","|choice|move leafstorm 1|move superpower 1","|","|move|p1a: SNEK STAHP|Leaf Storm|p2a: Fatty","|-supereffective|p2a: Fatty","|-damage|p2a: Fatty|0 fnt","|-boost|p1a: SNEK STAHP|spa|2","|faint|p2a: Fatty","|","|-weather|Sandstorm|[upkeep]","|-damage|p1a: SNEK STAHP|85/291|[from] sandstorm","|choice||switch 2","|","|switch|p2a: Pinky|Weavile, F, shiny|281/281","|-ability|p2a: Pinky|Pressure","|turn|7","|choice|move leafstorm 1|move iceshard 1","|","|move|p2a: Pinky|Ice Shard|p1a: SNEK STAHP","|-supereffective|p1a: SNEK STAHP","|-damage|p1a: SNEK STAHP|0 fnt","|-damage|p2a: Pinky|253/281|[from] item: Life Orb","|faint|p1a: SNEK STAHP","|","|-weather|Sandstorm|[upkeep]","|-damage|p2a: Pinky|236/281|[from] sandstorm","|choice|switch 5|","|","|switch|p1a: D'Artagnan|Keldeo-Resolute|13/323","|turn|8","|choice|move scald 1|move knockoff 1","|","|move|p2a: Pinky|Knock Off|p1a: D'Artagnan","|-resisted|p1a: D'Artagnan","|-damage|p1a: D'Artagnan|0 fnt","|-enditem|p1a: D'Artagnan|Choice Specs|[from] move: Knock Off|[of] p2a: Pinky","|-damage|p2a: Pinky|208/281|[from] item: Life Orb","|faint|p1a: D'Artagnan","|","|-weather|none","|choice|switch 4|","|","|switch|p1a: U.N. Oven Was Her|Rotom-Heat|230/303","|turn|9","|choice|move overheat 1|move knockoff 1","|","|move|p2a: Pinky|Knock Off|p1a: U.N. Oven Was Her","|-damage|p1a: U.N. Oven Was Her|90/303","|-enditem|p1a: U.N. Oven Was Her|Leftovers|[from] move: Knock Off|[of] p2a: Pinky","|-damage|p2a: Pinky|180/281|[from] item: Life Orb","|move|p1a: U.N. Oven Was Her|Overheat|p2a: Pinky","|-supereffective|p2a: Pinky","|-damage|p2a: Pinky|0 fnt","|-unboost|p1a: U.N. Oven Was Her|spa|2","|faint|p2a: Pinky","|","|choice||switch 3","|","|switch|p2a: Dog|Manectric, F, shiny|281/281","|turn|10","|choice|switch 3|move voltswitch 1 mega","|","|switch|p1a: Diglett Sr.|Excadrill, M|361/361","|detailschange|p2a: Dog|Manectric-Mega, F, shiny","|-mega|p2a: Dog|Manectric|Manectite","|-ability|p2a: Dog|Intimidate|boost","|-unboost|p1a: Diglett Sr.|atk|1","|move|p2a: Dog|Volt Switch|p1a: Diglett Sr.","|-immune|p1a: Diglett Sr.|[msg]","|","|turn|11","|choice|move earthquake|move overheat 1","|","|move|p2a: Dog|Overheat|p1a: Diglett Sr.","|-supereffective|p1a: Diglett Sr.","|-damage|p1a: Diglett Sr.|0 fnt","|-unboost|p2a: Dog|spa|2","|faint|p1a: Diglett Sr.","|","|choice|switch 3|","|","|switch|p1a: U.N. Oven Was Her|Rotom-Heat|90/303","|turn|12","|choice|move overheat 1|move thunderbolt 1","|","|move|p2a: Dog|Thunderbolt|p1a: U.N. Oven Was Her","|-resisted|p1a: U.N. Oven Was Her","|-damage|p1a: U.N. Oven Was Her|53/303","|move|p1a: U.N. Oven Was Her|Overheat|p2a: Dog","|-damage|p2a: Dog|91/281","|-unboost|p1a: U.N. Oven Was Her|spa|2","|","|turn|13","|choice|move overheat 1|move thunderbolt 1","|","|move|p2a: Dog|Thunderbolt|p1a: U.N. Oven Was Her","|-resisted|p1a: U.N. Oven Was Her","|-damage|p1a: U.N. Oven Was Her|17/303","|move|p1a: U.N. Oven Was Her|Overheat|p2a: Dog","|-damage|p2a: Dog|0 fnt","|-unboost|p1a: U.N. Oven Was Her|spa|2","|faint|p2a: Dog","|","|choice||switch 5","|","|switch|p2a: Super Fatty|Chansey, F|703/703","|turn|14","|choice|switch 2|move seismictoss 1","|","|switch|p1a: Armor|Tyranitar, M|404/404","|-weather|Sandstorm|[from] ability: Sand Stream|[of] p1a: Armor","|move|p2a: Super Fatty|Seismic Toss|p1a: Armor","|-damage|p1a: Armor|304/404","|","|-weather|Sandstorm|[upkeep]","|-damage|p2a: Super Fatty|660/703|[from] sandstorm","|turn|15","|choice|move rockslide|move wish","|","|move|p1a: Armor|Rock Slide|p2a: Super Fatty|[miss]","|-miss|p1a: Armor|p2a: Super Fatty","|move|p2a: Super Fatty|Wish|p2a: Super Fatty","|","|-weather|Sandstorm|[upkeep]","|-damage|p2a: Super Fatty|617/703|[from] sandstorm","|turn|16","|choice|move pursuit 1|move thunderwave 1","|","|move|p1a: Armor|Pursuit|p2a: Super Fatty","|-damage|p2a: Super Fatty|436/703","|move|p2a: Super Fatty|Thunder Wave|p1a: Armor","|-status|p1a: Armor|par","|","|-weather|Sandstorm|[upkeep]","|-damage|p2a: Super Fatty|393/703|[from] sandstorm","|-heal|p2a: Super Fatty|703/703|[from] move: Wish|[wisher] Super Fatty","|turn|17","|choice|move icebeam 1|move seismictoss 1","|","|move|p2a: Super Fatty|Seismic Toss|p1a: Armor","|-damage|p1a: Armor|204/404 par","|move|p1a: Armor|Ice Beam|p2a: Super Fatty","|-damage|p2a: Super Fatty|666/703","|","|-weather|Sandstorm|[upkeep]","|-damage|p2a: Super Fatty|623/703|[from] sandstorm","|turn|18","|choice|move rockslide|move wish","|","|move|p2a: Super Fatty|Wish|p2a: Super Fatty","|move|p1a: Armor|Rock Slide|p2a: Super Fatty","|-damage|p2a: Super Fatty|257/703","|","|-weather|Sandstorm|[upkeep]","|-damage|p2a: Super Fatty|214/703|[from] sandstorm","|turn|19","|choice|move rockslide|move seismictoss 1","|","|move|p2a: Super Fatty|Seismic Toss|p1a: Armor","|-damage|p1a: Armor|104/404 par","|move|p1a: Armor|Rock Slide|p2a: Super Fatty|[miss]","|-miss|p1a: Armor|p2a: Super Fatty","|","|-weather|Sandstorm|[upkeep]","|-damage|p2a: Super Fatty|171/703|[from] sandstorm","|-heal|p2a: Super Fatty|522/703|[from] move: Wish|[wisher] Super Fatty","|turn|20","|choice|move icebeam 1|move seismictoss 1","|","|move|p2a: Super Fatty|Seismic Toss|p1a: Armor","|-damage|p1a: Armor|4/404 par","|move|p1a: Armor|Ice Beam|p2a: Super Fatty","|-damage|p2a: Super Fatty|485/703","|","|-weather|Sandstorm|[upkeep]","|-damage|p2a: Super Fatty|442/703|[from] sandstorm","|turn|21","|choice|move icebeam 1|move seismictoss 1","|","|move|p2a: Super Fatty|Seismic Toss|p1a: Armor","|-damage|p1a: Armor|0 fnt","|faint|p1a: Armor","|","|-weather|none","|choice|switch 6|","|","|switch|p1a: Waifumon|Gardevoir, F|281/281","|-ability|p1a: Waifumon|Natural Cure|[from] ability: Trace|[of] p2a: Super Fatty","|turn|22","|choice|move taunt 1 mega|move thunderwave 1","|","|detailschange|p1a: Waifumon|Gardevoir-Mega, F","|-mega|p1a: Waifumon|Gardevoir|Gardevoirite","|move|p1a: Waifumon|Taunt|p2a: Super Fatty","|-start|p2a: Super Fatty|move: Taunt","|cant|p2a: Super Fatty|move: Taunt|Thunder Wave","|","|turn|23","|choice|move psyshock 1|move seismictoss 1","|","|move|p1a: Waifumon|Psyshock|p2a: Super Fatty","|-damage|p2a: Super Fatty|0 fnt","|faint|p2a: Super Fatty","|","|win|BatterBotto"],"p1rating":1146.556642445335,"p2rating":1205.413359495396,"endType":"normal"}