{"seed":[37413,31330,50328,12764],"turns":36,"p1":"FlareonDriod","p2":"BatterBotto","p1team":[{"name":"Pinky","species":"weavile","item":"lifeorb","ability":"Pressure","moves":["knockoff","iciclecrash","iceshard","pursuit"],"nature":"Jolly","evs":{"hp":0,"atk":252,"def":4,"spa":0,"spd":0,"spe":252},"gender":"F","shiny":true,"ivs":{"hp":31,"atk":31,"def":31,"spa":31,"spd":31,"spe":31}},{"name":"Dog","species":"manectric","item":"manectite","ability":"Lightning Rod","moves":["voltswitch","thunderbolt","overheat","hiddenpowerice"],"nature":"Timid","evs":{"hp":0,"atk":0,"def":4,"spa":252,"spd":0,"spe":252},"gender":"F","ivs":{"hp":31,"atk":30,"def":30,"spa":31,"spd":31,"spe":31},"shiny":true},{"name":"Fatty","species":"azumarill","item":"choicescarf","ability":"Huge Power","moves":["playrough","aquajet","waterfall","superpower"],"nature":"Adamant","evs":{"hp":4,"atk":252,"def":0,"spa":0,"spd":0,"spe":252},"gender":"F","shiny":true,"ivs":{"hp":31,"atk":31,"def":31,"spa":31,"spd":31,"spe":31}},{"name":"Bird","species":"talonflame","item":"lifeorb","ability":"Gale Wings","moves":["bravebird","flareblitz","roost","willowisp"],"nature":"Adamant","evs":{"hp":252,"atk":252,"def":0,"spa":0,"spd":4,"spe":0},"shiny":true,"ivs":{"hp":31,"atk":31,"def":31,"spa":31,"spd":31,"spe":31}},{"name":"Super Fatty","species":"chansey","item":"eviolite","ability":"Natural Cure","moves":["healbell","wish","seismictoss","thunderwave"],"nature":"Bold","evs":{"hp":248,"atk":0,"def":8,"spa":0,"spd":252,"spe":0},"ivs":{"hp":31,"atk":31,"def":31,"spa":31,"spd":31,"spe":31}},{"name":"Horned","species":"excadrill","item":"lifeorb","ability":"Mold Breaker","moves":["earthquake","rockslide","stealthrock","rapidspin"],"nature":"Adamant","evs":{"hp":0,"atk":252,"def":0,"spa":0,"spd":4,"spe":252},"gender":"M","shiny":true,"ivs":{"hp":31,"atk":31,"def":31,"spa":31,"spd":31,"spe":31}}],"p2team":[{"name":"Seismitoad","species":"Seismitoad","item":"leftovers","ability":"Water Absorb","moves":["stealthrock","scald","earthpower","toxic"],"nature":"Bold","evs":{"hp":248,"atk":0,"def":240,"spa":0,"spd":20,"spe":0},"gender":"M","ivs":{"hp":31,"atk":0,"def":31,"spa":31,"spd":31,"spe":31}},{"name":"Skarmory","species":"Skarmory","item":"rockyhelmet","ability":"Sturdy","moves":["spikes","ironhead","roost","whirlwind"],"nature":"Impish","evs":{"hp":248,"atk":0,"def":0,"spa":0,"spd":236,"spe":24},"gender":"F","ivs":{"hp":31,"atk":31,"def":31,"spa":31,"spd":31,"spe":31}},{"name":"Clefable","species":"Clefable","item":"leftovers","ability":"Magic Guard","moves":["calmmind","moonblast","flamethrower","softboiled"],"nature":"Calm","evs":{"hp":252,"atk":0,"def":160,"spa":0,"spd":96,"spe":0},"gender":"F","ivs":{"hp":31,"atk":0,"def":31,"spa":31,"spd":31,"spe":31}},{"name":"Tyranitar","species":"Tyranitar","item":"choiceband","ability":"Sand Stream","moves":["pursuit","stoneedge","crunch","icepunch"],"nature":"Adamant","evs":{"hp":56,"atk":252,"def":4,"spa":0,"spd":0,"spe":196},"gender":"M","ivs":{"hp":31,"atk":31,"def":31,"spa":31,"spd":31,"spe":31}},{"name":"Gengar","species":"Gengar","item":"choicescarf","ability":"Levitate","moves":["shadowball","sludgewave","focusblast","trick"],"nature":"Timid","evs":{"hp":0,"atk":0,"def":0,"spa":252,"spd":4,"spe":252},"gender":"M","ivs":{"hp":31,"atk":0,"def":31,"spa":31,"spd":31,"spe":31},"shiny":true},{"name":"Latias","species":"Latias","item":"latiasite","ability":"Levitate","moves":["thunderbolt","icebeam","roost","thunderwave"],"nature":"Timid","evs":{"hp":248,"atk":0,"def":32,"spa":12,"spd":0,"spe":216},"ivs":{"hp":31,"atk":0,"def":31,"spa":31,"spd":31,"spe":31}}],"log":["|player|p1|FlareonDriod|flareondriod.png","|player|p2|BatterBotto|batterbotto.png","|gametype|singles","|gen|6","|tier|OU","|rated","|seed|37413,31330,50328,12764","|clearpoke","|poke|p1|Weavile, F, shiny|item","|poke|p1|Manectric, F, shiny|item","|poke|p1|Azumarill, F, shiny|item","|poke|p1|Talonflame, M, shiny|item","|poke|p1|Chansey, F|item","|poke|p1|Excadrill, M, shiny|item","|poke|p2|Seismitoad, M|item","|poke|p2|Skarmory, F|item","|poke|p2|Clefable, F|item","|poke|p2|Tyranitar, M|item","|poke|p2|Gengar, M, shiny|item","|poke|p2|Latias, F|item","|rule|Swagger Clause: Swagger is banned","|rule|Baton Pass Clause: Limit one Baton Passer, can't pass Spe and other stats simultaneously","|rule|Sleep Clause Mod: Limit one foe put to sleep","|rule|Species Clause: Limit one of each Pokémon","|rule|OHKO Clause: OHKO moves are banned","|rule|Moody Clause: Moody is banned","|rule|Evasion Moves Clause: Evasion moves are banned","|rule|Endless Battle Clause: Forcing endless battles is banned","|rule|HP Percentage Mod: HP is shown in percentages","|teampreview","|choice|team 4, team 1, team 2, team 3, team 5, team 6|team 2, team 1, team 3, team 4, team 5, team 6","|","|start","|switch|p1a: Bird|Talonflame, M, shiny|360/360","|switch|p2a: Skarmory|Skarmory, F|333/333","|turn|1","|choice|move flareblitz 1|switch 4","|","|switch|p2a: Tyranitar|Tyranitar, M|355/355","|-weather|Sandstorm|[from] ability: Sand Stream|[of] p2a: Tyranitar","|move|p1a: Bird|Flare Blitz|p2a: Tyranitar","|-resisted|p2a: Tyranitar","|-damage|p2a: Tyranitar|250/355","|-damage|p1a: Bird|325/360|[from] recoil|[of] p2a: Tyranitar","|-damage|p1a: Bird|289/360|[from] item: Life Orb","|","|-weather|Sandstorm|[upkeep]","|-damage|p1a: Bird|267/360|[from] sandstorm","|turn|2","|choice|move flareblitz 1|move crunch 1","|","|move|p1a: Bird|Flare Blitz|p2a: Tyranitar","|-resisted|p2a: Tyranitar","|-damage|p2a: Tyranitar|146/355","|-damage|p1a: Bird|233/360|[from] recoil|[of] p2a: Tyranitar","|-damage|p1a: Bird|197/360|[from] item: Life Orb","|move|p2a: Tyranitar|Crunch|p1a: Bird","|-damage|p1a: Bird|0 fnt","|faint|p1a: Bird","|","|-weather|Sandstorm|[upkeep]","|choice|switch 6|","|","|switch|p1a: Horned|Excadrill, M, shiny|361/361","|-ability|p1a: Horned|Mold Breaker","|turn|3","|choice|move earthquake|move crunch 1","|","|move|p1a: Horned|Earthquake|p2a: Tyranitar","|-supereffective|p2a: Tyranitar","|-damage|p2a: Tyranitar|0 fnt","|-damage|p1a: Horned|325/361|[from] item: Life Orb","|faint|p2a: Tyranitar","|","|-weather|Sandstorm|[upkeep]","|choice||switch 4","|","|switch|p2a: Skarmory|Skarmory, F|333/333","|turn|4","|choice|move stealthrock|move spikes","|","|move|p1a: Horned|Stealth Rock|p2a: Skarmory","|-sidestart|p2: BatterBotto|move: Stealth Rock","|move|p2a: Skarmory|Spikes|p1a: Horned","|-sidestart|p1: FlareonDriod|Spikes","|","|-weather|Sandstorm|[upkeep]","|turn|5","|choice|move rockslide|move spikes","|","|move|p1a: Horned|Rock Slide|p2a: Skarmory","|-damage|p2a: Skarmory|249/333","|-damage|p1a: Horned|289/361|[from] item: Life Orb","|cant|p2a: Skarmory|flinch","|","|-weather|none","|turn|6","|choice|move rockslide|move spikes","|","|move|p1a: Horned|Rock Slide|p2a: Skarmory","|-damage|p2a: Skarmory|153/333","|-damage|p1a: Horned|253/361|[from] item: Life Orb","|cant|p2a: Skarmory|flinch","|","|turn|7","|choice|move rockslide|move spikes","|","|move|p1a: Horned|Rock Slide|p2a: Skarmory","|-damage|p2a: Skarmory|69/333","|-damage|p1a: Horned|217/361|[from] item: Life Orb","|cant|p2a: Skarmory|flinch","|","|turn|8","|choice|move rockslide|move ironhead 1","|","|move|p1a: Horned|Rock Slide|p2a: Skarmory","|-damage|p2a: Skarmory|0 fnt","|-damage|p1a: Horned|181/361|[from] item: Life Orb","|faint|p2a: Skarmory","|","|choice||switch 2","|","|switch|p2a: Seismitoad|Seismitoad, M|413/413","|-damage|p2a: Seismitoad|388/413|[from] Stealth Rock","|turn|9","|choice|move earthquake|move earthpower 1","|","|move|p1a: Horned|Earthquake|p2a: Seismitoad","|-crit|p2a: Seismitoad","|-damage|p2a: Seismitoad|49/413","|-damage|p1a: Horned|145/361|[from] item: Life Orb","|move|p2a: Seismitoad|Earth Power|p1a: Horned","|-supereffective|p1a: Horned","|-damage|p1a: Horned|0 fnt","|faint|p1a: Horned","|","|-heal|p2a: Seismitoad|74/413|[from] item: Leftovers","|choice|switch 4|","|","|switch|p1a: Fatty|Azumarill, F, shiny|342/342","|-damage|p1a: Fatty|300/342|[from] Spikes","|turn|10","|choice|move playrough 1|switch 5","|","|switch|p2a: Gengar|Gengar, M, shiny|261/261","|-damage|p2a: Gengar|229/261|[from] Stealth Rock","|move|p1a: Fatty|Play Rough|p2a: Gengar","|-resisted|p2a: Gengar","|-damage|p2a: Gengar|73/261","|","|turn|11","|choice|move playrough 1|move sludgewave","|","|move|p2a: Gengar|Sludge Wave|p1a: Fatty","|-supereffective|p1a: Fatty","|-damage|p1a: Fatty|0 fnt","|faint|p1a: Fatty","|","|choice|switch 5|","|","|switch|p1a: Super Fatty|Chansey, F|703/703","|-damage|p1a: Super Fatty|616/703|[from] Spikes","|turn|12","|choice|move wish|move sludgewave","|","|move|p2a: Gengar|Sludge Wave|p1a: Super Fatty","|-damage|p1a: Super Fatty|528/703","|move|p1a: Super Fatty|Wish|p1a: Super Fatty","|","|turn|13","|choice|move thunderwave 1|move sludgewave","|","|move|p2a: Gengar|Sludge Wave|p1a: Super Fatty","|-damage|p1a: Super Fatty|443/703","|move|p1a: Super Fatty|Thunder Wave|p2a: Gengar","|-status|p2a: Gengar|par","|","|-heal|p1a: Super Fatty|703/703|[from] move: Wish|[wisher] Super Fatty","|turn|14","|choice|move wish|move sludgewave","|","|move|p1a: Super Fatty|Wish|p1a: Super Fatty","|move|p2a: Gengar|Sludge Wave|p1a: Super Fatty","|-damage|p1a: Super Fatty|610/703","|","|turn|15","|choice|switch 2|move sludgewave","|","|switch|p1a: Pinky|Weavile, F, shiny|281/281","|-damage|p1a: Pinky|246/281|[from] Spikes","|-ability|p1a: Pinky|Pressure","|cant|p2a: Gengar|par","|","|-heal|p1a: Pinky|281/281|[from] move: Wish|[wisher] Super Fatty","|turn|16","|choice|move pursuit 1|move sludgewave","|","|move|p1a: Pinky|Pursuit|p2a: Gengar","|-supereffective|p2a: Gengar","|-damage|p2a: Gengar|0 fnt","|-damage|p1a: Pinky|253/281|[from] item: Life Orb","|faint|p2a: Gengar","|","|choice||switch 3","|","|switch|p2a: Clefable|Clefable, F|394/394","|turn|17","|choice|move iciclecrash 1|move moonblast 1","|","|move|p1a: Pinky|Icicle Crash|p2a: Clefable","|-damage|p2a: Clefable|203/394","|-damage|p1a: Pinky|225/281|[from] item: Life Orb","|move|p2a: Clefable|Moonblast|p1a: Pinky","|-supereffective|p1a: Pinky","|-damage|p1a: Pinky|0 fnt","|faint|p1a: Pinky","|","|-heal|p2a: Clefable|227/394|[from] item: Leftovers","|choice|switch 3|","|","|switch|p1a: Dog|Manectric, F, shiny|281/281","|-damage|p1a: Dog|246/281|[from] Spikes","|turn|18","|choice|move thunderbolt 1 mega|switch 5","|","|switch|p2a: Seismitoad|Seismitoad, M|74/413","|-damage|p2a: Seismitoad|49/413|[from] Stealth Rock","|detailschange|p1a: Dog|Manectric-Mega, F, shiny","|-mega|p1a: Dog|Manectric|Manectite","|-ability|p1a: Dog|Intimidate|boost","|-unboost|p2a: Seismitoad|atk|1","|move|p1a: Dog|Thunderbolt|p2a: Seismitoad","|-immune|p2a: Seismitoad|[msg]","|","|-heal|p2a: Seismitoad|74/413|[from] item: Leftovers","|turn|19","|choice|move overheat 1|move earthpower 1","|","|move|p1a: Dog|Overheat|p2a: Seismitoad|[miss]","|-miss|p1a: Dog|p2a: Seismitoad","|move|p2a: Seismitoad|Earth Power|p1a: Dog","|-supereffective|p1a: Dog","|-damage|p1a: Dog|40/281","|","|-heal|p2a: Seismitoad|99/413|[from] item: Leftovers","|turn|20","|choice|move hiddenpower 1|move earthpower 1","|","|move|p1a: Dog|Hidden Power|p2a: Seismitoad","|-damage|p2a: Seismitoad|11/413","|move|p2a: Seismitoad|Earth Power|p1a: Dog","|-supereffective|p1a: Dog","|-damage|p1a: Dog|0 fnt","|faint|p1a: Dog","|","|-heal|p2a: Seismitoad|36/413|[from] item: Leftovers","|choice|switch 2|","|","|switch|p1a: Super Fatty|Chansey, F|610/703","|-damage|p1a: Super Fatty|523/703|[from] Spikes","|turn|21","|choice|move seismictoss 1|switch 5","|","|switch|p2a: Clefable|Clefable, F|227/394","|move|p1a: Super Fatty|Seismic Toss|p2a: Clefable","|-damage|p2a: Clefable|127/394","|","|-heal|p2a: Clefable|151/394|[from] item: Leftovers","|turn|22","|choice|move thunderwave 1|switch 5","|","|switch|p2a: Seismitoad|Seismitoad, M|36/413","|-damage|p2a: Seismitoad|11/413|[from] Stealth Rock","|move|p1a: Super Fatty|Thunder Wave|p2a: Seismitoad","|-immune|p2a: Seismitoad|[msg]","|","|-heal|p2a: Seismitoad|36/413|[from] item: Leftovers","|turn|23","|choice|move seismictoss 1|move toxic 1","|","|move|p2a: Seismitoad|Toxic|p1a: Super Fatty","|-status|p1a: Super Fatty|tox","|move|p1a: Super Fatty|Seismic Toss|p2a: Seismitoad","|-damage|p2a: Seismitoad|0 fnt","|faint|p2a: Seismitoad","|","|-damage|p1a: Super Fatty|480/703 tox|[from] psn","|choice||switch 5","|","|switch|p2a: Clefable|Clefable, F|151/394","|turn|24","|choice|move wish|move flamethrower 1","|","|move|p2a: Clefable|Flamethrower|p1a: Super Fatty","|-damage|p1a: Super Fatty|446/703 tox","|move|p1a: Super Fatty|Wish|p1a: Super Fatty","|","|-heal|p2a: Clefable|175/394|[from] item: Leftovers","|-damage|p1a: Super Fatty|360/703 tox|[from] psn","|turn|25","|choice|move healbell|move moonblast 1","|","|move|p2a: Clefable|Moonblast|p1a: Super Fatty","|-damage|p1a: Super Fatty|309/703 tox","|-unboost|p1a: Super Fatty|spa|1","|move|p1a: Super Fatty|Heal Bell|p1a: Super Fatty","|-activate|p1a: Super Fatty|move: Heal Bell","|-curestatus|p1a: Super Fatty|tox|[msg]","|","|-heal|p1a: Super Fatty|660/703|[from] move: Wish|[wisher] Super Fatty","|-heal|p2a: Clefable|199/394|[from] item: Leftovers","|turn|26","|choice|move seismictoss 1|move flamethrower 1","|","|move|p2a: Clefable|Flamethrower|p1a: Super Fatty","|-damage|p1a: Super Fatty|624/703","|move|p1a: Super Fatty|Seismic Toss|p2a: Clefable","|-damage|p2a: Clefable|99/394","|","|-heal|p2a: Clefable|123/394|[from] item: Leftovers","|turn|27","|choice|move seismictoss 1|move moonblast 1","|","|move|p2a: Clefable|Moonblast|p1a: Super Fatty","|-damage|p1a: Super Fatty|567/703","|move|p1a: Super Fatty|Seismic Toss|p2a: Clefable","|-damage|p2a: Clefable|23/394","|","|-heal|p2a: Clefable|47/394|[from] item: Leftovers","|turn|28","|choice|move seismictoss 1|move moonblast 1","|","|move|p2a: Clefable|Moonblast|p1a: Super Fatty","|-damage|p1a: Super Fatty|516/703","|move|p1a: Super Fatty|Seismic Toss|p2a: Clefable","|-damage|p2a: Clefable|0 fnt","|faint|p2a: Clefable","|","|choice||switch 6","|","|switch|p2a: Latias|Latias, F|363/363","|-damage|p2a: Latias|318/363|[from] Stealth Rock","|turn|29","|choice|move seismictoss 1|move thunderbolt 1 mega","|","|detailschange|p2a: Latias|Latias-Mega, F","|-mega|p2a: Latias|Latias|Latiasite","|move|p2a: Latias|Thunderbolt|p1a: Super Fatty","|-damage|p1a: Super Fatty|467/703","|move|p1a: Super Fatty|Seismic Toss|p2a: Latias","|-damage|p2a: Latias|218/363","|","|turn|30","|choice|move thunderwave 1|move icebeam 1","|","|move|p2a: Latias|Ice Beam|p1a: Super Fatty","|-damage|p1a: Super Fatty|416/703","|move|p1a: Super Fatty|Thunder Wave|p2a: Latias","|-status|p2a: Latias|par","|","|turn|31","|choice|move seismictoss 1|move roost","|","|move|p1a: Super Fatty|Seismic Toss|p2a: Latias","|-damage|p2a: Latias|118/363 par","|move|p2a: Latias|Roost|p2a: Latias","|-heal|p2a: Latias|300/363 par","|","|turn|32","|choice|move wish|move thunderbolt 1","|","|move|p1a: Super Fatty|Wish|p1a: Super Fatty","|cant|p2a: Latias|par","|","|turn|33","|choice|move seismictoss 1|move thunderbolt 1","|","|move|p1a: Super Fatty|Seismic Toss|p2a: Latias","|-damage|p2a: Latias|200/363 par","|move|p2a: Latias|Thunderbolt|p1a: Super Fatty","|-damage|p1a: Super Fatty|365/703","|","|-heal|p1a: Super Fatty|703/703|[from] move: Wish|[wisher] Super Fatty","|turn|34","|choice|move wish|move thunderbolt 1","|","|move|p1a: Super Fatty|Wish|p1a: Super Fatty","|move|p2a: Latias|Thunderbolt|p1a: Super Fatty","|-damage|p1a: Super Fatty|654/703","|","|turn|35","|choice|move seismictoss 1|move thunderwave 1","|","|move|p1a: Super Fatty|Seismic Toss|p2a: Latias","|-damage|p2a: Latias|100/363 par","|move|p2a: Latias|Thunder Wave|p1a: Super Fatty","|-status|p1a: Super Fatty|par","|","|-heal|p1a: Super Fatty|703/703 par|[from] move: Wish|[wisher] Super Fatty","|turn|36","|choice|move seismictoss 1|move roost","|","|cant|p2a: Latias|par","|move|p1a: Super Fatty|Seismic Toss|p2a: Latias","|-damage|p2a: Latias|0 fnt","|faint|p2a: Latias","|","|win|FlareonDriod"],"p1rating":1212.612514315713,"p2rating":1142.2945466729136,"endType":"normal"}