{"seed":[62156,38529,24005,30253],"turns":23,"p1":"FlareonDriod","p2":"BatterBotto","p1team":[{"name":"Pinky","species":"weavile","item":"lifeorb","ability":"Pressure","moves":["knockoff","iciclecrash","iceshard","pursuit"],"nature":"Jolly","evs":{"hp":0,"atk":252,"def":4,"spa":0,"spd":0,"spe":252},"gender":"F","shiny":true,"ivs":{"hp":31,"atk":31,"def":31,"spa":31,"spd":31,"spe":31}},{"name":"Dog","species":"manectric","item":"manectite","ability":"Lightning Rod","moves":["voltswitch","thunderbolt","overheat","hiddenpowerice"],"nature":"Timid","evs":{"hp":0,"atk":0,"def":4,"spa":252,"spd":0,"spe":252},"gender":"F","ivs":{"hp":31,"atk":30,"def":30,"spa":31,"spd":31,"spe":31},"shiny":true},{"name":"Fatty","species":"azumarill","item":"choicescarf","ability":"Huge Power","moves":["playrough","aquajet","waterfall","superpower"],"nature":"Adamant","evs":{"hp":4,"atk":252,"def":0,"spa":0,"spd":0,"spe":252},"gender":"F","shiny":true,"ivs":{"hp":31,"atk":31,"def":31,"spa":31,"spd":31,"spe":31}},{"name":"Bird","species":"talonflame","item":"lifeorb","ability":"Gale Wings","moves":["bravebird","flareblitz","roost","willowisp"],"nature":"Adamant","evs":{"hp":252,"atk":252,"def":0,"spa":0,"spd":4,"spe":0},"shiny":true,"ivs":{"hp":31,"atk":31,"def":31,"spa":31,"spd":31,"spe":31}},{"name":"Super Fatty","species":"chansey","item":"eviolite","ability":"Natural Cure","moves":["healbell","wish","seismictoss","thunderwave"],"nature":"Bold","evs":{"hp":248,"atk":0,"def":8,"spa":0,"spd":252,"spe":0},"ivs":{"hp":31,"atk":31,"def":31,"spa":31,"spd":31,"spe":31}},{"name":"Horned","species":"excadrill","item":"lifeorb","ability":"Mold Breaker","moves":["earthquake","rockslide","stealthrock","rapidspin"],"nature":"Adamant","evs":{"hp":0,"atk":252,"def":0,"spa":0,"spd":4,"spe":252},"gender":"M","shiny":true,"ivs":{"hp":31,"atk":31,"def":31,"spa":31,"spd":31,"spe":31}}],"p2team":[{"name":"Seismitoad","species":"Seismitoad","item":"leftovers","ability":"Water Absorb","moves":["stealthrock","scald","earthpower","toxic"],"nature":"Bold","evs":{"hp":248,"atk":0,"def":240,"spa":0,"spd":20,"spe":0},"gender":"M","ivs":{"hp":31,"atk":0,"def":31,"spa":31,"spd":31,"spe":31}},{"name":"Skarmory","species":"Skarmory","item":"rockyhelmet","ability":"Sturdy","moves":["spikes","ironhead","roost","whirlwind"],"nature":"Impish","evs":{"hp":248,"atk":0,"def":0,"spa":0,"spd":236,"spe":24},"gender":"F","ivs":{"hp":31,"atk":31,"def":31,"spa":31,"spd":31,"spe":31}},{"name":"Clefable","species":"Clefable","item":"leftovers","ability":"Magic Guard","moves":["calmmind","moonblast","flamethrower","softboiled"],"nature":"Calm","evs":{"hp":252,"atk":0,"def":160,"spa":0,"spd":96,"spe":0},"gender":"F","ivs":{"hp":31,"atk":0,"def":31,"spa":31,"spd":31,"spe":31}},{"name":"Tyranitar","species":"Tyranitar","item":"choiceband","ability":"Sand Stream","moves":["pursuit","stoneedge","crunch","icepunch"],"nature":"Adamant","evs":{"hp":56,"atk":252,"def":4,"spa":0,"spd":0,"spe":196},"gender":"M","ivs":{"hp":31,"atk":31,"def":31,"spa":31,"spd":31,"spe":31}},{"name":"Gengar","species":"Gengar","item":"choicescarf","ability":"Levitate","moves":["shadowball","sludgewave","focusblast","trick"],"nature":"Timid","evs":{"hp":0,"atk":0,"def":0,"spa":252,"spd":4,"spe":252},"gender":"M","ivs":{"hp":31,"atk":0,"def":31,"spa":31,"spd":31,"spe":31},"shiny":true},{"name":"Latias","species":"Latias","item":"latiasite","ability":"Levitate","moves":["thunderbolt","icebeam","roost","thunderwave"],"nature":"Timid","evs":{"hp":248,"atk":0,"def":32,"spa":12,"spd":0,"spe":216},"ivs":{"hp":31,"atk":0,"def":31,"spa":31,"spd":31,"spe":31}}],"log":["|player|p1|FlareonDriod|flareondriod.png","|player|p2|BatterBotto|batterbotto.png","|gametype|singles","|gen|6","|tier|OU","|rated","|seed|62156,38529,24005,30253","|clearpoke","|poke|p1|Weavile, F, shiny|item","|poke|p1|Manectric, F, shiny|item","|poke|p1|Azumarill, F, shiny|item","|poke|p1|Talonflame, F, shiny|item","|poke|p1|Chansey, F|item","|poke|p1|Excadrill, M, shiny|item","|poke|p2|Seismitoad, M|item","|poke|p2|Skarmory, F|item","|poke|p2|Clefable, F|item","|poke|p2|Tyranitar, M|item","|poke|p2|Gengar, M, shiny|item","|poke|p2|Latias, F|item","|rule|Swagger Clause: Swagger is banned","|rule|Baton Pass Clause: Limit one Baton Passer, can't pass Spe and other stats simultaneously","|rule|Sleep Clause Mod: Limit one foe put to sleep","|rule|Species Clause: Limit one of each Pokémon","|rule|OHKO Clause: OHKO moves are banned","|rule|Moody Clause: Moody is banned","|rule|Evasion Moves Clause: Evasion moves are banned","|rule|Endless Battle Clause: Forcing endless battles is banned","|rule|HP Percentage Mod: HP is shown in percentages","|teampreview","|choice|team 6, team 1, team 2, team 3, team 4, team 5|team 3, team 1, team 2, team 4, team 5, team 6","|","|start","|switch|p1a: Horned|Excadrill, M, shiny|361/361","|switch|p2a: Clefable|Clefable, F|394/394","|-ability|p1a: Horned|Mold Breaker","|turn|1","|choice|move earthquake|switch 3","|","|switch|p2a: Skarmory|Skarmory, F|333/333","|move|p1a: Horned|Earthquake|p2a: Skarmory","|-immune|p2a: Skarmory|[msg]","|","|turn|2","|choice|move stealthrock|move spikes","|","|move|p1a: Horned|Stealth Rock|p2a: Skarmory","|-sidestart|p2: BatterBotto|move: Stealth Rock","|move|p2a: Skarmory|Spikes|p1a: Horned","|-sidestart|p1: FlareonDriod|Spikes","|","|turn|3","|choice|move rapidspin 1|move spikes","|","|move|p1a: Horned|Rapid Spin|p2a: Skarmory","|-resisted|p2a: Skarmory","|-damage|p2a: Skarmory|321/333","|-damage|p1a: Horned|301/361|[from] item: Rocky Helmet|[of] p2a: Skarmory","|-sideend|p1: FlareonDriod|Spikes|[from] move: Rapid Spin|[of] p1a: Horned","|-damage|p1a: Horned|265/361|[from] item: Life Orb","|move|p2a: Skarmory|Spikes|p1a: Horned","|-sidestart|p1: FlareonDriod|Spikes","|","|turn|4","|choice|move rockslide|move spikes","|","|move|p1a: Horned|Rock Slide|p2a: Skarmory","|-damage|p2a: Skarmory|230/333","|-damage|p1a: Horned|229/361|[from] item: Life Orb","|cant|p2a: Skarmory|flinch","|","|turn|5","|choice|move rockslide|move spikes","|","|move|p1a: Horned|Rock Slide|p2a: Skarmory","|-damage|p2a: Skarmory|133/333","|-damage|p1a: Horned|193/361|[from] item: Life Orb","|move|p2a: Skarmory|Spikes|p1a: Horned","|-sidestart|p1: FlareonDriod|Spikes","|","|turn|6","|choice|move rockslide|move spikes","|","|move|p1a: Horned|Rock Slide|p2a: Skarmory","|-damage|p2a: Skarmory|47/333","|-damage|p1a: Horned|157/361|[from] item: Life Orb","|move|p2a: Skarmory|Spikes|p1a: Horned","|-sidestart|p1: FlareonDriod|Spikes","|","|turn|7","|choice|move rockslide|move ironhead 1","|","|move|p1a: Horned|Rock Slide|p2a: Skarmory","|-damage|p2a: Skarmory|0 fnt","|-damage|p1a: Horned|121/361|[from] item: Life Orb","|faint|p2a: Skarmory","|","|choice||switch 2","|","|switch|p2a: Seismitoad|Seismitoad, M|413/413","|-damage|p2a: Seismitoad|388/413|[from] Stealth Rock","|turn|8","|choice|move earthquake|move earthpower 1","|","|move|p1a: Horned|Earthquake|p2a: Seismitoad","|-crit|p2a: Seismitoad","|-damage|p2a: Seismitoad|41/413","|-damage|p1a: Horned|85/361|[from] item: Life Orb","|move|p2a: Seismitoad|Earth Power|p1a: Horned","|-supereffective|p1a: Horned","|-damage|p1a: Horned|0 fnt","|faint|p1a: Horned","|","|-heal|p2a: Seismitoad|66/413|[from] item: Leftovers","|choice|switch 4|","|","|switch|p1a: Fatty|Azumarill, F, shiny|342/342","|-damage|p1a: Fatty|257/342|[from] Spikes","|turn|9","|choice|move aquajet 1|switch 5","|","|switch|p2a: Gengar|Gengar, M, shiny|261/261","|-damage|p2a: Gengar|229/261|[from] Stealth Rock","|move|p1a: Fatty|Aqua Jet|p2a: Gengar","|-damage|p2a: Gengar|100/261","|","|turn|10","|choice|move aquajet 1|move sludgewave","|","|move|p1a: Fatty|Aqua Jet|p2a: Gengar","|-damage|p2a: Gengar|0 fnt","|faint|p2a: Gengar","|","|choice||switch 5","|","|switch|p2a: Seismitoad|Seismitoad, M|66/413","|-damage|p2a: Seismitoad|41/413|[from] Stealth Rock","|turn|11","|choice|move aquajet 1|move stealthrock","|","|move|p1a: Fatty|Aqua Jet|p2a: Seismitoad","|-heal|p2a: Seismitoad|144/413|[from] ability: Water Absorb|[of] p1a: Fatty","|move|p2a: Seismitoad|Stealth Rock|p1a: Fatty","|-sidestart|p1: FlareonDriod|move: Stealth Rock","|","|-heal|p2a: Seismitoad|169/413|[from] item: Leftovers","|turn|12","|choice|switch 2|move earthpower 1","|","|switch|p1a: Pinky|Weavile, F, shiny|281/281","|-damage|p1a: Pinky|211/281|[from] Spikes","|-damage|p1a: Pinky|141/281|[from] Stealth Rock","|-ability|p1a: Pinky|Pressure","|move|p2a: Seismitoad|Earth Power|p1a: Pinky","|-damage|p1a: Pinky|42/281","|","|-heal|p2a: Seismitoad|194/413|[from] item: Leftovers","|turn|13","|choice|move iciclecrash 1|move scald 1","|","|move|p1a: Pinky|Icicle Crash|p2a: Seismitoad","|-damage|p2a: Seismitoad|45/413","|-damage|p1a: Pinky|14/281|[from] item: Life Orb","|move|p2a: Seismitoad|Scald|p1a: Pinky","|-damage|p1a: Pinky|0 fnt","|faint|p1a: Pinky","|","|-heal|p2a: Seismitoad|70/413|[from] item: Leftovers","|choice|switch 5|","|","|switch|p1a: Bird|Talonflame, F, shiny|360/360","|-damage|p1a: Bird|180/360|[from] Stealth Rock","|turn|14","|choice|move bravebird 1|move scald 1","|","|move|p1a: Bird|Brave Bird|p2a: Seismitoad","|-damage|p2a: Seismitoad|0 fnt","|-damage|p1a: Bird|157/360|[from] recoil|[of] p2a: Seismitoad","|-damage|p1a: Bird|121/360|[from] item: Life Orb","|faint|p2a: Seismitoad","|","|choice||switch 4","|","|switch|p2a: Tyranitar|Tyranitar, M|355/355","|-damage|p2a: Tyranitar|311/355|[from] Stealth Rock","|-weather|Sandstorm|[from] ability: Sand Stream|[of] p2a: Tyranitar","|turn|15","|choice|move bravebird 1|move crunch 1","|","|move|p1a: Bird|Brave Bird|p2a: Tyranitar","|-resisted|p2a: Tyranitar","|-damage|p2a: Tyranitar|204/355","|-damage|p1a: Bird|86/360|[from] recoil|[of] p2a: Tyranitar","|-damage|p1a: Bird|50/360|[from] item: Life Orb","|move|p2a: Tyranitar|Crunch|p1a: Bird","|-damage|p1a: Bird|0 fnt","|faint|p1a: Bird","|","|-weather|Sandstorm|[upkeep]","|choice|switch 2|","|","|switch|p1a: Fatty|Azumarill, F, shiny|257/342","|-damage|p1a: Fatty|215/342|[from] Stealth Rock","|-damage|p1a: Fatty|130/342|[from] Spikes","|turn|16","|choice|move waterfall 1|move crunch 1","|","|move|p1a: Fatty|Waterfall|p2a: Tyranitar","|-supereffective|p2a: Tyranitar","|-damage|p2a: Tyranitar|0 fnt","|faint|p2a: Tyranitar","|","|-weather|Sandstorm|[upkeep]","|-damage|p1a: Fatty|109/342|[from] sandstorm","|choice||switch 3","|","|switch|p2a: Clefable|Clefable, F|394/394","|turn|17","|choice|move waterfall 1|move calmmind","|","|move|p1a: Fatty|Waterfall|p2a: Clefable","|-damage|p2a: Clefable|219/394","|move|p2a: Clefable|Calm Mind|p2a: Clefable","|-boost|p2a: Clefable|spa|1","|-boost|p2a: Clefable|spd|1","|","|-weather|Sandstorm|[upkeep]","|-damage|p1a: Fatty|88/342|[from] sandstorm","|-heal|p2a: Clefable|243/394|[from] item: Leftovers","|turn|18","|choice|move waterfall 1|move moonblast 1","|","|move|p1a: Fatty|Waterfall|p2a: Clefable","|-damage|p2a: Clefable|68/394","|move|p2a: Clefable|Moonblast|p1a: Fatty","|-damage|p1a: Fatty|0 fnt","|faint|p1a: Fatty","|","|-weather|Sandstorm|[upkeep]","|-heal|p2a: Clefable|92/394|[from] item: Leftovers","|choice|switch 3|","|","|switch|p1a: Dog|Manectric, F, shiny|281/281","|-damage|p1a: Dog|246/281|[from] Stealth Rock","|-damage|p1a: Dog|176/281|[from] Spikes","|turn|19","|choice|move thunderbolt 1 mega|move softboiled","|","|detailschange|p1a: Dog|Manectric-Mega, F, shiny","|-mega|p1a: Dog|Manectric|Manectite","|-ability|p1a: Dog|Intimidate|boost","|-unboost|p2a: Clefable|atk|1","|move|p1a: Dog|Thunderbolt|p2a: Clefable","|-damage|p2a: Clefable|0 fnt","|faint|p2a: Clefable","|","|-weather|none","|choice||switch 6","|","|switch|p2a: Latias|Latias, F|363/363","|-damage|p2a: Latias|318/363|[from] Stealth Rock","|turn|20","|choice|move hiddenpower 1|move icebeam 1 mega","|","|detailschange|p2a: Latias|Latias-Mega, F","|-mega|p2a: Latias|Latias|Latiasite","|move|p1a: Dog|Hidden Power|p2a: Latias","|-supereffective|p2a: Latias","|-damage|p2a: Latias|212/363","|move|p2a: Latias|Ice Beam|p1a: Dog","|-damage|p1a: Dog|59/281","|","|turn|21","|choice|move hiddenpower 1|move icebeam 1","|","|move|p1a: Dog|Hidden Power|p2a: Latias","|-supereffective|p2a: Latias","|-damage|p2a: Latias|110/363","|move|p2a: Latias|Ice Beam|p1a: Dog","|-damage|p1a: Dog|0 fnt","|faint|p1a: Dog","|","|choice|switch 6|","|","|switch|p1a: Super Fatty|Chansey, F|703/703","|-damage|p1a: Super Fatty|528/703|[from] Spikes","|-damage|p1a: Super Fatty|441/703|[from] Stealth Rock","|turn|22","|choice|move seismictoss 1|move thunderwave 1","|","|move|p2a: Latias|Thunder Wave|p1a: Super Fatty","|-status|p1a: Super Fatty|par","|move|p1a: Super Fatty|Seismic Toss|p2a: Latias","|-damage|p2a: Latias|10/363","|","|turn|23","|choice|move seismictoss 1|move thunderbolt 1","|","|move|p2a: Latias|Thunderbolt|p1a: Super Fatty","|-damage|p1a: Super Fatty|388/703 par","|move|p1a: Super Fatty|Seismic Toss|p2a: Latias","|-damage|p2a: Latias|0 fnt","|faint|p2a: Latias","|","|win|FlareonDriod"],"p1rating":1104.600731542903,"p2rating":1065.3545403240169,"endType":"normal"}