{"seed":[13517,16967,3355,20394],"turns":19,"p1":"FlareonDriod","p2":"BatterBotto","p1team":[{"name":"Beedrill","species":"Beedrill","item":"beedrillite","ability":"Swarm","moves":["uturn","poisonjab","drillrun","protect"],"nature":"Jolly","evs":{"hp":0,"atk":252,"def":0,"spa":0,"spd":4,"spe":252},"ivs":{"hp":31,"atk":31,"def":31,"spa":31,"spd":31,"spe":31}},{"name":"Whimsicott","species":"Whimsicott","item":"yacheberry","ability":"Prankster","moves":["gigadrain","moonblast","encore","uturn"],"nature":"Timid","evs":{"hp":0,"atk":0,"def":0,"spa":252,"spd":4,"spe":252},"ivs":{"hp":31,"atk":31,"def":31,"spa":31,"spd":31,"spe":31}},{"name":"Empoleon","species":"Empoleon","item":"leftovers","ability":"Torrent","moves":["scald","icebeam","stealthrock","defog"],"nature":"Calm","evs":{"hp":252,"atk":0,"def":0,"spa":4,"spd":252,"spe":0},"ivs":{"hp":31,"atk":0,"def":31,"spa":31,"spd":31,"spe":31}},{"name":"Reuniclus","species":"Reuniclus","item":"leftovers","ability":"Magic Guard","moves":["calmmind","psyshock","shadowball","recover"],"nature":"Bold","evs":{"hp":252,"atk":0,"def":252,"spa":4,"spd":0,"spe":0},"ivs":{"hp":31,"atk":0,"def":31,"spa":31,"spd":31,"spe":31}},{"name":"Toxicroak","species":"Toxicroak","item":"lifeorb","ability":"Dry Skin","moves":["swordsdance","gunkshot","drainpunch","suckerpunch"],"nature":"Jolly","evs":{"hp":0,"atk":252,"def":0,"spa":0,"spd":4,"spe":252},"ivs":{"hp":31,"atk":31,"def":31,"spa":31,"spd":31,"spe":31}},{"name":"Hydreigon","species":"Hydreigon","item":"choicescarf","ability":"Levitate","moves":["dracometeor","darkpulse","fireblast","uturn"],"nature":"Timid","evs":{"hp":0,"atk":0,"def":0,"spa":252,"spd":4,"spe":252},"ivs":{"hp":31,"atk":31,"def":31,"spa":31,"spd":31,"spe":31}}],"p2team":[{"name":"U.N. Oven Was Her","species":"rotomheat","item":"leftovers","ability":"Levitate","moves":["overheat","voltswitch","painsplit","thunderwave"],"nature":"Bold","evs":{"hp":248,"atk":0,"def":216,"spa":0,"spd":0,"spe":44},"ivs":{"hp":31,"atk":0,"def":31,"spa":31,"spd":31,"spe":31}},{"name":"D'Artagnan","species":"keldeoresolute","item":"choicespecs","ability":"Justified","moves":["hydropump","secretsword","scald","icywind"],"nature":"Timid","evs":{"hp":0,"atk":0,"def":0,"spa":252,"spd":4,"spe":252},"ivs":{"hp":31,"atk":0,"def":31,"spa":31,"spd":31,"spe":31}},{"name":"Diglett Sr.","species":"excadrill","item":"lifeorb","ability":"Sand Rush","moves":["earthquake","ironhead","rockslide","rapidspin"],"nature":"Adamant","evs":{"hp":0,"atk":252,"def":4,"spa":0,"spd":0,"spe":252},"gender":"M","ivs":{"hp":31,"atk":31,"def":31,"spa":31,"spd":31,"spe":31}},{"name":"Armor","species":"tyranitar","item":"smoothrock","ability":"Sand Stream","moves":["rockslide","icebeam","stealthrock","pursuit"],"nature":"Sassy","evs":{"hp":252,"atk":0,"def":0,"spa":4,"spd":252,"spe":0},"gender":"M","ivs":{"hp":31,"atk":31,"def":31,"spa":31,"spd":31,"spe":31}},{"name":"SNEK STAHP","species":"serperior","item":"expertbelt","ability":"Contrary","moves":["leafstorm","hiddenpowerfire","dragonpulse","knockoff"],"nature":"Timid","evs":{"hp":0,"atk":0,"def":0,"spa":252,"spd":4,"spe":252},"gender":"F","ivs":{"hp":31,"atk":30,"def":31,"spa":30,"spd":31,"spe":30}},{"name":"Waifumon","species":"gardevoir","item":"gardevoirite","ability":"Trace","moves":["hypervoice","psyshock","taunt","healingwish"],"nature":"Timid","evs":{"hp":16,"atk":0,"def":8,"spa":232,"spd":0,"spe":252},"gender":"F","ivs":{"hp":31,"atk":0,"def":31,"spa":31,"spd":31,"spe":31}}],"log":["|player|p1|FlareonDriod|flareondriod.png","|player|p2|BatterBotto|batterbotto.png","|gametype|singles","|gen|6","|tier|OU","|rated","|seed|13517,16967,3355,20394","|clearpoke","|poke|p1|Beedrill, F|item","|poke|p1|Whimsicott, F|item","|poke|p1|Empoleon, M|item","|poke|p1|Reuniclus, M|item","|poke|p1|Toxicroak, F|item","|poke|p1|Hydreigon, M|item","|poke|p2|Rotom-Heat|item","|poke|p2|Keldeo-Resolute|item","|poke|p2|Excadrill, M|item","|poke|p2|Tyranitar, M|item","|poke|p2|Serperior, F|item","|poke|p2|Gardevoir, F|item","|rule|Swagger Clause: Swagger is banned","|rule|Baton Pass Clause: Limit one Baton Passer, can't pass Spe and other stats simultaneously","|rule|Sleep Clause Mod: Limit one foe put to sleep","|rule|Species Clause: Limit one of each Pokémon","|rule|OHKO Clause: OHKO moves are banned","|rule|Moody Clause: Moody is banned","|rule|Evasion Moves Clause: Evasion moves are banned","|rule|Endless Battle Clause: Forcing endless battles is banned","|rule|HP Percentage Mod: HP is shown in percentages","|teampreview","|choice|team 5, team 1, team 2, team 3, team 4, team 6|team 4, team 1, team 2, team 3, team 5, team 6","|","|start","|switch|p1a: Toxicroak|Toxicroak, F|307/307","|switch|p2a: Armor|Tyranitar, M|404/404","|-weather|Sandstorm|[from] ability: Sand Stream|[of] p2a: Armor","|turn|1","|choice|move drainpunch 1|switch 4","|","|switch|p2a: Diglett Sr.|Excadrill, M|361/361","|move|p1a: Toxicroak|Drain Punch|p2a: Diglett Sr.","|-supereffective|p2a: Diglett Sr.","|-damage|p2a: Diglett Sr.|0 fnt","|-damage|p1a: Toxicroak|277/307|[from] item: Life Orb","|faint|p2a: Diglett Sr.","|","|-weather|Sandstorm|[upkeep]","|-damage|p1a: Toxicroak|258/307|[from] sandstorm","|choice||switch 3","|","|switch|p2a: D'Artagnan|Keldeo-Resolute|323/323","|turn|2","|choice|move gunkshot 1|move hydropump 1","|","|move|p2a: D'Artagnan|Hydro Pump|p1a: Toxicroak","|-heal|p1a: Toxicroak|307/307|[from] ability: Dry Skin|[of] p2a: D'Artagnan","|move|p1a: Toxicroak|Gunk Shot|p2a: D'Artagnan|[miss]","|-miss|p1a: Toxicroak|p2a: D'Artagnan","|","|-weather|Sandstorm|[upkeep]","|-damage|p2a: D'Artagnan|303/323|[from] sandstorm","|-damage|p1a: Toxicroak|288/307|[from] sandstorm","|turn|3","|choice|move gunkshot 1|switch 2","|","|switch|p2a: U.N. Oven Was Her|Rotom-Heat|303/303","|move|p1a: Toxicroak|Gunk Shot|p2a: U.N. Oven Was Her","|-damage|p2a: U.N. Oven Was Her|135/303","|-damage|p1a: Toxicroak|258/307|[from] item: Life Orb","|","|-weather|Sandstorm|[upkeep]","|-damage|p1a: Toxicroak|239/307|[from] sandstorm","|-damage|p2a: U.N. Oven Was Her|117/303|[from] sandstorm","|-heal|p2a: U.N. Oven Was Her|135/303|[from] item: Leftovers","|turn|4","|choice|move drainpunch 1|move overheat 1","|","|move|p1a: Toxicroak|Drain Punch|p2a: U.N. Oven Was Her","|-damage|p2a: U.N. Oven Was Her|36/303","|-heal|p1a: Toxicroak|289/307|[from] drain|[of] p2a: U.N. Oven Was Her","|-damage|p1a: Toxicroak|259/307|[from] item: Life Orb","|move|p2a: U.N. Oven Was Her|Overheat|p1a: Toxicroak","|-damage|p1a: Toxicroak|0 fnt","|-unboost|p2a: U.N. Oven Was Her|spa|2","|faint|p1a: Toxicroak","|","|-weather|Sandstorm|[upkeep]","|-damage|p2a: U.N. Oven Was Her|18/303|[from] sandstorm","|-heal|p2a: U.N. Oven Was Her|36/303|[from] item: Leftovers","|choice|switch 6|","|","|switch|p1a: Hydreigon|Hydreigon, M|325/325","|turn|5","|choice|move uturn 1|switch 6","|","|switch|p2a: Waifumon|Gardevoir, F|281/281","|-ability|p2a: Waifumon|Levitate|[from] ability: Trace|[of] p1a: Hydreigon","|move|p1a: Hydreigon|U-turn|p2a: Waifumon","|-damage|p2a: Waifumon|202/281","|choice|switch 4|","|","|switch|p1a: Empoleon|Empoleon, M|372/372","|","|-weather|Sandstorm|[upkeep]","|-damage|p2a: Waifumon|185/281|[from] sandstorm","|turn|6","|choice|move scald 1|switch 2","|","|switch|p2a: D'Artagnan|Keldeo-Resolute|303/323","|move|p1a: Empoleon|Scald|p2a: D'Artagnan","|-resisted|p2a: D'Artagnan","|-damage|p2a: D'Artagnan|252/323","|","|-weather|Sandstorm|[upkeep]","|-damage|p2a: D'Artagnan|232/323|[from] sandstorm","|turn|7","|choice|switch 3|move secretsword 1","|","|switch|p1a: Whimsicott|Whimsicott, F|261/261","|move|p2a: D'Artagnan|Secret Sword|p1a: Whimsicott","|-resisted|p1a: Whimsicott","|-damage|p1a: Whimsicott|137/261","|","|-weather|Sandstorm|[upkeep]","|-damage|p1a: Whimsicott|121/261|[from] sandstorm","|-damage|p2a: D'Artagnan|212/323|[from] sandstorm","|turn|8","|choice|move moonblast 1|move secretsword 1","|","|move|p1a: Whimsicott|Moonblast|p2a: D'Artagnan","|-supereffective|p2a: D'Artagnan","|-damage|p2a: D'Artagnan|0 fnt","|faint|p2a: D'Artagnan","|","|-weather|none","|choice||switch 6","|","|switch|p2a: U.N. Oven Was Her|Rotom-Heat|36/303","|turn|9","|choice|move gigadrain 1|move overheat 1","|","|move|p1a: Whimsicott|Giga Drain|p2a: U.N. Oven Was Her","|-resisted|p2a: U.N. Oven Was Her","|-damage|p2a: U.N. Oven Was Her|0 fnt","|-heal|p1a: Whimsicott|139/261|[from] drain|[of] p2a: U.N. Oven Was Her","|faint|p2a: U.N. Oven Was Her","|","|choice||switch 5","|","|switch|p2a: SNEK STAHP|Serperior, F|291/291","|turn|10","|choice|move moonblast 1|move hiddenpower 1","|","|move|p1a: Whimsicott|Moonblast|p2a: SNEK STAHP","|-damage|p2a: SNEK STAHP|177/291","|-boost|p2a: SNEK STAHP|spa|1","|move|p2a: SNEK STAHP|Hidden Power|p1a: Whimsicott","|-supereffective|p1a: Whimsicott","|-damage|p1a: Whimsicott|0 fnt","|faint|p1a: Whimsicott","|","|choice|switch 2|","|","|switch|p1a: Beedrill|Beedrill, F|271/271","|turn|11","|choice|move uturn 1 mega|move hiddenpower 1","|","|detailschange|p1a: Beedrill|Beedrill-Mega, F","|-mega|p1a: Beedrill|Beedrill|Beedrillite","|move|p2a: SNEK STAHP|Hidden Power|p1a: Beedrill","|-supereffective|p1a: Beedrill","|-damage|p1a: Beedrill|67/271","|move|p1a: Beedrill|U-turn|p2a: SNEK STAHP","|-supereffective|p2a: SNEK STAHP","|-damage|p2a: SNEK STAHP|0 fnt","|faint|p2a: SNEK STAHP","|choice|switch 3|","|","|switch|p1a: Empoleon|Empoleon, M|372/372","|","|choice||switch 2","|","|switch|p2a: Waifumon|Gardevoir, F|185/281","|-ability|p2a: Waifumon|Torrent|[from] ability: Trace|[of] p1a: Empoleon","|turn|12","|choice|move icebeam 1|move taunt 1 mega","|","|detailschange|p2a: Waifumon|Gardevoir-Mega, F","|-mega|p2a: Waifumon|Gardevoir|Gardevoirite","|move|p2a: Waifumon|Taunt|p1a: Empoleon","|-start|p1a: Empoleon|move: Taunt","|move|p1a: Empoleon|Ice Beam|p2a: Waifumon","|-damage|p2a: Waifumon|122/281","|-status|p2a: Waifumon|frz","|","|turn|13","|choice|move scald 1|move psyshock 1","|","|cant|p2a: Waifumon|frz","|move|p1a: Empoleon|Scald|p2a: Waifumon","|-damage|p2a: Waifumon|49/281 frz","|-curestatus|p2a: Waifumon|frz|[msg]","|","|turn|14","|choice|move scald 1|move psyshock 1","|","|move|p2a: Waifumon|Psyshock|p1a: Empoleon","|-resisted|p1a: Empoleon","|-crit|p1a: Empoleon","|-damage|p1a: Empoleon|232/372","|move|p1a: Empoleon|Scald|p2a: Waifumon","|-damage|p2a: Waifumon|0 fnt","|faint|p2a: Waifumon","|","|-heal|p1a: Empoleon|255/372|[from] item: Leftovers","|-end|p1a: Empoleon|move: Taunt","|choice||switch 4","|","|switch|p2a: Armor|Tyranitar, M|404/404","|-weather|Sandstorm|[from] ability: Sand Stream|[of] p2a: Armor","|turn|15","|choice|switch 4|move pursuit 1","|","|-activate|p1a: Empoleon|move: Pursuit","|move|p2a: Armor|Pursuit|p1a: Empoleon|[from]Pursuit","|-damage|p1a: Empoleon|108/372","|switch|p1a: Hydreigon|Hydreigon, M|325/325","|","|-weather|Sandstorm|[upkeep]","|-damage|p1a: Hydreigon|305/325|[from] sandstorm","|turn|16","|choice|move dracometeor 1|move rockslide","|","|move|p1a: Hydreigon|Draco Meteor|p2a: Armor","|-damage|p2a: Armor|298/404","|-unboost|p1a: Hydreigon|spa|2","|move|p2a: Armor|Rock Slide|p1a: Hydreigon","|-damage|p1a: Hydreigon|176/325","|","|-weather|Sandstorm|[upkeep]","|-damage|p1a: Hydreigon|156/325|[from] sandstorm","|turn|17","|choice|switch 4|move rockslide","|","|switch|p1a: Empoleon|Empoleon, M|108/372","|move|p2a: Armor|Rock Slide|p1a: Empoleon","|-resisted|p1a: Empoleon","|-damage|p1a: Empoleon|43/372","|","|-weather|Sandstorm|[upkeep]","|-heal|p1a: Empoleon|66/372|[from] item: Leftovers","|turn|18","|choice|move scald 1|move rockslide","|","|move|p1a: Empoleon|Scald|p2a: Armor","|-supereffective|p2a: Armor","|-damage|p2a: Armor|148/404","|-status|p2a: Armor|brn","|move|p2a: Armor|Rock Slide|p1a: Empoleon","|-resisted|p1a: Empoleon","|-damage|p1a: Empoleon|36/372","|","|-weather|Sandstorm|[upkeep]","|-heal|p1a: Empoleon|59/372|[from] item: Leftovers","|-damage|p2a: Armor|98/404 brn|[from] brn","|turn|19","|choice|move scald 1|move rockslide","|","|move|p1a: Empoleon|Scald|p2a: Armor","|-supereffective|p2a: Armor","|-damage|p2a: Armor|0 fnt","|faint|p2a: Armor","|","|win|FlareonDriod"],"p1rating":1216.072978176392,"p2rating":1147.4653421477458,"endType":"normal"}