{"seed":[5760,29144,43551,6490],"turns":27,"p1":"BatterBotto","p2":"FlareonDriod","p1team":[{"name":"U.N. Oven Was Her","species":"rotomheat","item":"leftovers","ability":"Levitate","moves":["overheat","voltswitch","painsplit","thunderwave"],"nature":"Bold","evs":{"hp":248,"atk":0,"def":216,"spa":0,"spd":0,"spe":44},"ivs":{"hp":31,"atk":0,"def":31,"spa":31,"spd":31,"spe":31}},{"name":"D'Artagnan","species":"keldeoresolute","item":"choicespecs","ability":"Justified","moves":["hydropump","secretsword","scald","icywind"],"nature":"Timid","evs":{"hp":0,"atk":0,"def":0,"spa":252,"spd":4,"spe":252},"ivs":{"hp":31,"atk":0,"def":31,"spa":31,"spd":31,"spe":31}},{"name":"Diglett Sr.","species":"excadrill","item":"lifeorb","ability":"Sand Rush","moves":["earthquake","ironhead","rockslide","rapidspin"],"nature":"Adamant","evs":{"hp":0,"atk":252,"def":4,"spa":0,"spd":0,"spe":252},"gender":"M","ivs":{"hp":31,"atk":31,"def":31,"spa":31,"spd":31,"spe":31}},{"name":"Armor","species":"tyranitar","item":"smoothrock","ability":"Sand Stream","moves":["rockslide","icebeam","stealthrock","pursuit"],"nature":"Sassy","evs":{"hp":252,"atk":0,"def":0,"spa":4,"spd":252,"spe":0},"gender":"M","ivs":{"hp":31,"atk":31,"def":31,"spa":31,"spd":31,"spe":31}},{"name":"SNEK STAHP","species":"serperior","item":"expertbelt","ability":"Contrary","moves":["leafstorm","hiddenpowerfire","dragonpulse","knockoff"],"nature":"Timid","evs":{"hp":0,"atk":0,"def":0,"spa":252,"spd":4,"spe":252},"gender":"F","ivs":{"hp":31,"atk":30,"def":31,"spa":30,"spd":31,"spe":30}},{"name":"Waifumon","species":"gardevoir","item":"gardevoirite","ability":"Trace","moves":["hypervoice","psyshock","taunt","healingwish"],"nature":"Timid","evs":{"hp":16,"atk":0,"def":8,"spa":232,"spd":0,"spe":252},"gender":"F","ivs":{"hp":31,"atk":0,"def":31,"spa":31,"spd":31,"spe":31}}],"p2team":[{"name":"Beedrill","species":"Beedrill","item":"beedrillite","ability":"Swarm","moves":["uturn","poisonjab","drillrun","protect"],"nature":"Jolly","evs":{"hp":0,"atk":252,"def":0,"spa":0,"spd":4,"spe":252},"ivs":{"hp":31,"atk":31,"def":31,"spa":31,"spd":31,"spe":31}},{"name":"Whimsicott","species":"Whimsicott","item":"yacheberry","ability":"Prankster","moves":["gigadrain","moonblast","encore","uturn"],"nature":"Timid","evs":{"hp":0,"atk":0,"def":0,"spa":252,"spd":4,"spe":252},"ivs":{"hp":31,"atk":31,"def":31,"spa":31,"spd":31,"spe":31}},{"name":"Empoleon","species":"Empoleon","item":"leftovers","ability":"Torrent","moves":["scald","icebeam","stealthrock","defog"],"nature":"Calm","evs":{"hp":252,"atk":0,"def":0,"spa":4,"spd":252,"spe":0},"ivs":{"hp":31,"atk":0,"def":31,"spa":31,"spd":31,"spe":31}},{"name":"Reuniclus","species":"Reuniclus","item":"leftovers","ability":"Magic Guard","moves":["calmmind","psyshock","shadowball","recover"],"nature":"Bold","evs":{"hp":252,"atk":0,"def":252,"spa":4,"spd":0,"spe":0},"ivs":{"hp":31,"atk":0,"def":31,"spa":31,"spd":31,"spe":31}},{"name":"Toxicroak","species":"Toxicroak","item":"lifeorb","ability":"Dry Skin","moves":["swordsdance","gunkshot","drainpunch","suckerpunch"],"nature":"Jolly","evs":{"hp":0,"atk":252,"def":0,"spa":0,"spd":4,"spe":252},"ivs":{"hp":31,"atk":31,"def":31,"spa":31,"spd":31,"spe":31}},{"name":"Hydreigon","species":"Hydreigon","item":"choicescarf","ability":"Levitate","moves":["dracometeor","darkpulse","fireblast","uturn"],"nature":"Timid","evs":{"hp":0,"atk":0,"def":0,"spa":252,"spd":4,"spe":252},"ivs":{"hp":31,"atk":31,"def":31,"spa":31,"spd":31,"spe":31}}],"log":["|player|p1|BatterBotto|batterbotto.png","|player|p2|FlareonDriod|flareondriod.png","|gametype|singles","|gen|6","|tier|OU","|rated","|seed|5760,29144,43551,6490","|clearpoke","|poke|p1|Rotom-Heat|item","|poke|p1|Keldeo-Resolute|item","|poke|p1|Excadrill, M|item","|poke|p1|Tyranitar, M|item","|poke|p1|Serperior, F|item","|poke|p1|Gardevoir, F|item","|poke|p2|Beedrill, F|item","|poke|p2|Whimsicott, F|item","|poke|p2|Empoleon, F|item","|poke|p2|Reuniclus, M|item","|poke|p2|Toxicroak, M|item","|poke|p2|Hydreigon, M|item","|rule|Swagger Clause: Swagger is banned","|rule|Baton Pass Clause: Limit one Baton Passer, can't pass Spe and other stats simultaneously","|rule|Sleep Clause Mod: Limit one foe put to sleep","|rule|Species Clause: Limit one of each Pokémon","|rule|OHKO Clause: OHKO moves are banned","|rule|Moody Clause: Moody is banned","|rule|Evasion Moves Clause: Evasion moves are banned","|rule|Endless Battle Clause: Forcing endless battles is banned","|rule|HP Percentage Mod: HP is shown in percentages","|teampreview","|choice|team 3, team 1, team 2, team 4, team 5, team 6|team 1, team 2, team 3, team 4, team 5, team 6","|","|start","|switch|p1a: Diglett Sr.|Excadrill, M|361/361","|switch|p2a: Beedrill|Beedrill, F|271/271","|turn|1","|choice|move rockslide|move protect mega","|","|detailschange|p2a: Beedrill|Beedrill-Mega, F","|-mega|p2a: Beedrill|Beedrill|Beedrillite","|move|p2a: Beedrill|Protect|p2a: Beedrill","|-singleturn|p2a: Beedrill|Protect","|move|p1a: Diglett Sr.|Rock Slide|p2a: Beedrill","|-activate|p2a: Beedrill|Protect","|","|turn|2","|choice|move earthquake|move drillrun 1","|","|move|p2a: Beedrill|Drill Run|p1a: Diglett Sr.","|-supereffective|p1a: Diglett Sr.","|-crit|p1a: Diglett Sr.","|-damage|p1a: Diglett Sr.|0 fnt","|faint|p1a: Diglett Sr.","|","|choice|switch 3|","|","|switch|p1a: D'Artagnan|Keldeo-Resolute|323/323","|turn|3","|choice|move hydropump 1|move poisonjab 1","|","|move|p2a: Beedrill|Poison Jab|p1a: D'Artagnan","|-damage|p1a: D'Artagnan|71/323","|-status|p1a: D'Artagnan|psn","|move|p1a: D'Artagnan|Hydro Pump|p2a: Beedrill","|-damage|p2a: Beedrill|0 fnt","|faint|p2a: Beedrill","|","|-damage|p1a: D'Artagnan|31/323 psn|[from] psn","|choice||switch 2","|","|switch|p2a: Whimsicott|Whimsicott, F|261/261","|turn|4","|choice|move hydropump 1|move gigadrain 1","|","|move|p2a: Whimsicott|Giga Drain|p1a: D'Artagnan","|-supereffective|p1a: D'Artagnan","|-damage|p1a: D'Artagnan|0 fnt","|faint|p1a: D'Artagnan","|","|choice|switch 2|","|","|switch|p1a: U.N. Oven Was Her|Rotom-Heat|303/303","|turn|5","|choice|move overheat 1|switch 6","|","|switch|p2a: Hydreigon|Hydreigon, M|325/325","|move|p1a: U.N. Oven Was Her|Overheat|p2a: Hydreigon","|-resisted|p2a: Hydreigon","|-crit|p2a: Hydreigon","|-damage|p2a: Hydreigon|188/325","|-unboost|p1a: U.N. Oven Was Her|spa|2","|","|turn|6","|choice|switch 6|move dracometeor 1","|","|switch|p1a: Waifumon|Gardevoir, F|281/281","|-ability|p1a: Waifumon|Levitate|[from] ability: Trace|[of] p2a: Hydreigon","|move|p2a: Hydreigon|Draco Meteor|p1a: Waifumon","|-immune|p1a: Waifumon|[msg]","|","|turn|7","|choice|move hypervoice mega|switch 3","|","|switch|p2a: Empoleon|Empoleon, F|372/372","|detailschange|p1a: Waifumon|Gardevoir-Mega, F","|-mega|p1a: Waifumon|Gardevoir|Gardevoirite","|move|p1a: Waifumon|Hyper Voice|p2a: Empoleon","|-resisted|p2a: Empoleon","|-damage|p2a: Empoleon|282/372","|","|-heal|p2a: Empoleon|305/372|[from] item: Leftovers","|turn|8","|choice|move psyshock 1|move icebeam 1","|","|move|p1a: Waifumon|Psyshock|p2a: Empoleon","|-resisted|p2a: Empoleon","|-damage|p2a: Empoleon|206/372","|move|p2a: Empoleon|Ice Beam|p1a: Waifumon","|-damage|p1a: Waifumon|220/281","|","|-heal|p2a: Empoleon|229/372|[from] item: Leftovers","|turn|9","|choice|move taunt 1|move scald 1","|","|move|p1a: Waifumon|Taunt|p2a: Empoleon","|-start|p2a: Empoleon|move: Taunt","|move|p2a: Empoleon|Scald|p1a: Waifumon","|-damage|p1a: Waifumon|147/281","|-status|p1a: Waifumon|brn","|","|-heal|p2a: Empoleon|252/372|[from] item: Leftovers","|-damage|p1a: Waifumon|112/281 brn|[from] brn","|turn|10","|choice|move psyshock 1|move scald 1","|","|move|p1a: Waifumon|Psyshock|p2a: Empoleon","|-resisted|p2a: Empoleon","|-damage|p2a: Empoleon|161/372","|move|p2a: Empoleon|Scald|p1a: Waifumon","|-damage|p1a: Waifumon|28/281 brn","|","|-heal|p2a: Empoleon|184/372|[from] item: Leftovers","|-damage|p1a: Waifumon|0 fnt|[from] brn","|faint|p1a: Waifumon","|choice|switch 5|","|","|switch|p1a: SNEK STAHP|Serperior, F|291/291","|turn|11","|choice|move leafstorm 1|switch 5","|","|switch|p2a: Toxicroak|Toxicroak, M|307/307","|move|p1a: SNEK STAHP|Leaf Storm|p2a: Toxicroak","|-resisted|p2a: Toxicroak","|-damage|p2a: Toxicroak|192/307","|-boost|p1a: SNEK STAHP|spa|2","|","|turn|12","|choice|move leafstorm 1|move gunkshot 1","|","|move|p1a: SNEK STAHP|Leaf Storm|p2a: Toxicroak","|-resisted|p2a: Toxicroak","|-damage|p2a: Toxicroak|0 fnt","|-boost|p1a: SNEK STAHP|spa|2","|faint|p2a: Toxicroak","|","|choice||switch 3","|","|switch|p2a: Hydreigon|Hydreigon, M|188/325","|turn|13","|choice|move leafstorm 1|move fireblast 1","|","|move|p2a: Hydreigon|Fire Blast|p1a: SNEK STAHP","|-supereffective|p1a: SNEK STAHP","|-damage|p1a: SNEK STAHP|13/291","|move|p1a: SNEK STAHP|Leaf Storm|p2a: Hydreigon","|-resisted|p2a: Hydreigon","|-damage|p2a: Hydreigon|0 fnt","|-boost|p1a: SNEK STAHP|spa|2","|faint|p2a: Hydreigon","|","|choice||switch 6","|","|switch|p2a: Whimsicott|Whimsicott, F|261/261","|turn|14","|choice|move leafstorm 1|move gigadrain 1","|","|move|p2a: Whimsicott|Giga Drain|p1a: SNEK STAHP","|-resisted|p1a: SNEK STAHP","|-damage|p1a: SNEK STAHP|0 fnt","|faint|p1a: SNEK STAHP","|","|choice|switch 6|","|","|switch|p1a: U.N. Oven Was Her|Rotom-Heat|303/303","|turn|15","|choice|move overheat 1|switch 4","|","|switch|p2a: Reuniclus|Reuniclus, M|424/424","|move|p1a: U.N. Oven Was Her|Overheat|p2a: Reuniclus|[miss]","|-miss|p1a: U.N. Oven Was Her|p2a: Reuniclus","|","|turn|16","|choice|switch 4|move psyshock 1","|","|switch|p1a: Armor|Tyranitar, M|404/404","|-weather|Sandstorm|[from] ability: Sand Stream|[of] p1a: Armor","|move|p2a: Reuniclus|Psyshock|p1a: Armor","|-immune|p1a: Armor|[msg]","|","|-weather|Sandstorm|[upkeep]","|turn|17","|choice|move pursuit 1|switch 4","|","|-activate|p2a: Reuniclus|move: Pursuit","|move|p1a: Armor|Pursuit|p2a: Reuniclus|[from]Pursuit","|-supereffective|p2a: Reuniclus","|-damage|p2a: Reuniclus|220/424","|switch|p2a: Whimsicott|Whimsicott, F|261/261","|","|-weather|Sandstorm|[upkeep]","|-damage|p2a: Whimsicott|245/261|[from] sandstorm","|turn|18","|choice|switch 4|move encore 1","|","|switch|p1a: U.N. Oven Was Her|Rotom-Heat|303/303","|move|p2a: Whimsicott|Encore|p1a: U.N. Oven Was Her","|-fail|p1a: U.N. Oven Was Her","|","|-weather|Sandstorm|[upkeep]","|-damage|p2a: Whimsicott|229/261|[from] sandstorm","|-damage|p1a: U.N. Oven Was Her|285/303|[from] sandstorm","|-heal|p1a: U.N. Oven Was Her|303/303|[from] item: Leftovers","|turn|19","|choice|move overheat 1|switch 4","|","|switch|p2a: Reuniclus|Reuniclus, M|220/424","|move|p1a: U.N. Oven Was Her|Overheat|p2a: Reuniclus","|-damage|p2a: Reuniclus|52/424","|-unboost|p1a: U.N. Oven Was Her|spa|2","|","|-weather|Sandstorm|[upkeep]","|-damage|p1a: U.N. Oven Was Her|285/303|[from] sandstorm","|-heal|p1a: U.N. Oven Was Her|303/303|[from] item: Leftovers","|-heal|p2a: Reuniclus|78/424|[from] item: Leftovers","|turn|20","|choice|move overheat 1|move recover","|","|move|p1a: U.N. Oven Was Her|Overheat|p2a: Reuniclus","|-damage|p2a: Reuniclus|0 fnt","|-unboost|p1a: U.N. Oven Was Her|spa|2","|faint|p2a: Reuniclus","|","|-weather|Sandstorm|[upkeep]","|-damage|p1a: U.N. Oven Was Her|285/303|[from] sandstorm","|-heal|p1a: U.N. Oven Was Her|303/303|[from] item: Leftovers","|choice||switch 4","|","|switch|p2a: Whimsicott|Whimsicott, F|229/261","|turn|21","|choice|move overheat 1|move encore 1","|","|move|p2a: Whimsicott|Encore|p1a: U.N. Oven Was Her","|-start|p1a: U.N. Oven Was Her|Encore","|move|p1a: U.N. Oven Was Her|Overheat|p2a: Whimsicott","|-supereffective|p2a: Whimsicott","|-damage|p2a: Whimsicott|97/261","|-unboost|p1a: U.N. Oven Was Her|spa|2","|","|-weather|Sandstorm|[upkeep]","|-damage|p2a: Whimsicott|81/261|[from] sandstorm","|-damage|p1a: U.N. Oven Was Her|285/303|[from] sandstorm","|-heal|p1a: U.N. Oven Was Her|303/303|[from] item: Leftovers","|turn|22","|choice|move overheat 1|move encore 1","|","|move|p2a: Whimsicott|Encore|p1a: U.N. Oven Was Her","|-fail|p1a: U.N. Oven Was Her","|move|p1a: U.N. Oven Was Her|Overheat|p2a: Whimsicott","|-supereffective|p2a: Whimsicott","|-damage|p2a: Whimsicott|0 fnt","|faint|p2a: Whimsicott","|","|-weather|Sandstorm|[upkeep]","|-damage|p1a: U.N. Oven Was Her|285/303|[from] sandstorm","|-heal|p1a: U.N. Oven Was Her|303/303|[from] item: Leftovers","|choice||switch 5","|","|switch|p2a: Empoleon|Empoleon, F|184/372","|turn|23","|choice|switch 4|move stealthrock","|","|switch|p1a: Armor|Tyranitar, M|404/404","|move|p2a: Empoleon|Stealth Rock|p1a: Armor","|-sidestart|p1: BatterBotto|move: Stealth Rock","|","|-weather|none","|-heal|p2a: Empoleon|207/372|[from] item: Leftovers","|turn|24","|choice|switch 4|move scald 1","|","|switch|p1a: U.N. Oven Was Her|Rotom-Heat|303/303","|-damage|p1a: U.N. Oven Was Her|228/303|[from] Stealth Rock","|move|p2a: Empoleon|Scald|p1a: U.N. Oven Was Her","|-supereffective|p1a: U.N. Oven Was Her","|-damage|p1a: U.N. Oven Was Her|30/303","|","|-heal|p1a: U.N. Oven Was Her|48/303|[from] item: Leftovers","|-heal|p2a: Empoleon|230/372|[from] item: Leftovers","|turn|25","|choice|move overheat 1|move scald 1","|","|move|p1a: U.N. Oven Was Her|Overheat|p2a: Empoleon","|-damage|p2a: Empoleon|125/372","|-unboost|p1a: U.N. Oven Was Her|spa|2","|move|p2a: Empoleon|Scald|p1a: U.N. Oven Was Her","|-supereffective|p1a: U.N. Oven Was Her","|-damage|p1a: U.N. Oven Was Her|0 fnt","|faint|p1a: U.N. Oven Was Her","|","|-heal|p2a: Empoleon|148/372|[from] item: Leftovers","|choice|switch 4|","|","|switch|p1a: Armor|Tyranitar, M|404/404","|-damage|p1a: Armor|354/404|[from] Stealth Rock","|-weather|Sandstorm|[from] ability: Sand Stream|[of] p1a: Armor","|turn|26","|choice|move pursuit 1|move scald 1","|","|move|p2a: Empoleon|Scald|p1a: Armor","|-supereffective|p1a: Armor","|-damage|p1a: Armor|258/404","|-status|p1a: Armor|brn","|move|p1a: Armor|Pursuit|p2a: Empoleon","|-crit|p2a: Empoleon","|-damage|p2a: Empoleon|94/372","|","|-weather|Sandstorm|[upkeep]","|-heal|p2a: Empoleon|117/372|[from] item: Leftovers","|-damage|p1a: Armor|208/404 brn|[from] brn","|turn|27","|choice|move pursuit 1|move scald 1","|","|move|p2a: Empoleon|Scald|p1a: Armor","|-supereffective|p1a: Armor","|-crit|p1a: Armor","|-damage|p1a: Armor|2/404 brn","|move|p1a: Armor|Pursuit|p2a: Empoleon","|-damage|p2a: Empoleon|84/372","|","|-weather|Sandstorm|[upkeep]","|-heal|p2a: Empoleon|107/372|[from] item: Leftovers","|-damage|p1a: Armor|0 fnt|[from] brn","|faint|p1a: Armor","|","|win|FlareonDriod"],"p1rating":1119.4563599395303,"p2rating":1128.0246384087372,"endType":"normal"}