{"seed":[40289,38540,47410,62325],"turns":48,"p1":"BatterBotto","p2":"FlareonDriod","p1team":[{"name":"Seismitoad","species":"Seismitoad","item":"leftovers","ability":"Water Absorb","moves":["stealthrock","scald","earthpower","toxic"],"nature":"Bold","evs":{"hp":248,"atk":0,"def":240,"spa":0,"spd":20,"spe":0},"gender":"M","ivs":{"hp":31,"atk":0,"def":31,"spa":31,"spd":31,"spe":31}},{"name":"Skarmory","species":"Skarmory","item":"rockyhelmet","ability":"Sturdy","moves":["spikes","ironhead","roost","whirlwind"],"nature":"Impish","evs":{"hp":248,"atk":0,"def":0,"spa":0,"spd":236,"spe":24},"gender":"F","ivs":{"hp":31,"atk":31,"def":31,"spa":31,"spd":31,"spe":31}},{"name":"Clefable","species":"Clefable","item":"leftovers","ability":"Magic Guard","moves":["calmmind","moonblast","flamethrower","softboiled"],"nature":"Calm","evs":{"hp":252,"atk":0,"def":160,"spa":0,"spd":96,"spe":0},"gender":"F","ivs":{"hp":31,"atk":0,"def":31,"spa":31,"spd":31,"spe":31}},{"name":"Tyranitar","species":"Tyranitar","item":"choiceband","ability":"Sand Stream","moves":["pursuit","stoneedge","crunch","icepunch"],"nature":"Adamant","evs":{"hp":56,"atk":252,"def":4,"spa":0,"spd":0,"spe":196},"gender":"M","ivs":{"hp":31,"atk":31,"def":31,"spa":31,"spd":31,"spe":31}},{"name":"Gengar","species":"Gengar","item":"choicescarf","ability":"Levitate","moves":["shadowball","sludgewave","focusblast","trick"],"nature":"Timid","evs":{"hp":0,"atk":0,"def":0,"spa":252,"spd":4,"spe":252},"gender":"M","ivs":{"hp":31,"atk":0,"def":31,"spa":31,"spd":31,"spe":31},"shiny":true},{"name":"Latias","species":"Latias","item":"latiasite","ability":"Levitate","moves":["thunderbolt","icebeam","roost","thunderwave"],"nature":"Timid","evs":{"hp":248,"atk":0,"def":32,"spa":12,"spd":0,"spe":216},"ivs":{"hp":31,"atk":0,"def":31,"spa":31,"spd":31,"spe":31}}],"p2team":[{"name":"Beedrill","species":"Beedrill","item":"beedrillite","ability":"Swarm","moves":["uturn","poisonjab","drillrun","protect"],"nature":"Jolly","evs":{"hp":0,"atk":252,"def":0,"spa":0,"spd":4,"spe":252},"ivs":{"hp":31,"atk":31,"def":31,"spa":31,"spd":31,"spe":31}},{"name":"Whimsicott","species":"Whimsicott","item":"yacheberry","ability":"Prankster","moves":["gigadrain","moonblast","encore","uturn"],"nature":"Timid","evs":{"hp":0,"atk":0,"def":0,"spa":252,"spd":4,"spe":252},"ivs":{"hp":31,"atk":31,"def":31,"spa":31,"spd":31,"spe":31}},{"name":"Empoleon","species":"Empoleon","item":"leftovers","ability":"Torrent","moves":["scald","icebeam","stealthrock","defog"],"nature":"Calm","evs":{"hp":252,"atk":0,"def":0,"spa":4,"spd":252,"spe":0},"ivs":{"hp":31,"atk":0,"def":31,"spa":31,"spd":31,"spe":31}},{"name":"Reuniclus","species":"Reuniclus","item":"leftovers","ability":"Magic Guard","moves":["calmmind","psyshock","shadowball","recover"],"nature":"Bold","evs":{"hp":252,"atk":0,"def":252,"spa":4,"spd":0,"spe":0},"ivs":{"hp":31,"atk":0,"def":31,"spa":31,"spd":31,"spe":31}},{"name":"Toxicroak","species":"Toxicroak","item":"lifeorb","ability":"Dry Skin","moves":["swordsdance","gunkshot","drainpunch","suckerpunch"],"nature":"Jolly","evs":{"hp":0,"atk":252,"def":0,"spa":0,"spd":4,"spe":252},"ivs":{"hp":31,"atk":31,"def":31,"spa":31,"spd":31,"spe":31}},{"name":"Hydreigon","species":"Hydreigon","item":"choicescarf","ability":"Levitate","moves":["dracometeor","darkpulse","fireblast","uturn"],"nature":"Timid","evs":{"hp":0,"atk":0,"def":0,"spa":252,"spd":4,"spe":252},"ivs":{"hp":31,"atk":31,"def":31,"spa":31,"spd":31,"spe":31}}],"log":["|player|p1|BatterBotto|batterbotto.png","|player|p2|FlareonDriod|flareondriod.png","|gametype|singles","|gen|6","|tier|OU","|rated","|seed|40289,38540,47410,62325","|clearpoke","|poke|p1|Seismitoad, M|item","|poke|p1|Skarmory, F|item","|poke|p1|Clefable, F|item","|poke|p1|Tyranitar, M|item","|poke|p1|Gengar, M, shiny|item","|poke|p1|Latias, F|item","|poke|p2|Beedrill, M|item","|poke|p2|Whimsicott, M|item","|poke|p2|Empoleon, M|item","|poke|p2|Reuniclus, F|item","|poke|p2|Toxicroak, M|item","|poke|p2|Hydreigon, M|item","|rule|Swagger Clause: Swagger is banned","|rule|Baton Pass Clause: Limit one Baton Passer, can't pass Spe and other stats simultaneously","|rule|Sleep Clause Mod: Limit one foe put to sleep","|rule|Species Clause: Limit one of each Pokémon","|rule|OHKO Clause: OHKO moves are banned","|rule|Moody Clause: Moody is banned","|rule|Evasion Moves Clause: Evasion moves are banned","|rule|Endless Battle Clause: Forcing endless battles is banned","|rule|HP Percentage Mod: HP is shown in percentages","|teampreview","|choice|team 5, team 1, team 2, team 3, team 4, team 6|team 6, team 1, team 2, team 3, team 4, team 5","|","|start","|switch|p1a: Gengar|Gengar, M, shiny|261/261","|switch|p2a: Hydreigon|Hydreigon, M|325/325","|turn|1","|choice|move focusblast 1|move dracometeor 1","|","|move|p1a: Gengar|Focus Blast|p2a: Hydreigon|[miss]","|-miss|p1a: Gengar|p2a: Hydreigon","|move|p2a: Hydreigon|Draco Meteor|p1a: Gengar","|-damage|p1a: Gengar|0 fnt","|-unboost|p2a: Hydreigon|spa|2","|faint|p1a: Gengar","|","|choice|switch 4|","|","|switch|p1a: Clefable|Clefable, F|394/394","|turn|2","|choice|move moonblast 1|switch 2","|","|switch|p2a: Beedrill|Beedrill, M|271/271","|move|p1a: Clefable|Moonblast|p2a: Beedrill","|-resisted|p2a: Beedrill","|-damage|p2a: Beedrill|202/271","|","|turn|3","|choice|move calmmind|move poisonjab 1 mega","|","|detailschange|p2a: Beedrill|Beedrill-Mega, M","|-mega|p2a: Beedrill|Beedrill|Beedrillite","|move|p2a: Beedrill|Poison Jab|p1a: Clefable","|-supereffective|p1a: Clefable","|-damage|p1a: Clefable|0 fnt","|faint|p1a: Clefable","|","|choice|switch 3|","|","|switch|p1a: Skarmory|Skarmory, F|333/333","|turn|4","|choice|move spikes|switch 4","|","|switch|p2a: Empoleon|Empoleon, M|372/372","|move|p1a: Skarmory|Spikes|p2a: Empoleon","|-sidestart|p2: FlareonDriod|Spikes","|","|turn|5","|choice|switch 2|move scald 1","|","|switch|p1a: Seismitoad|Seismitoad, M|413/413","|move|p2a: Empoleon|Scald|p1a: Seismitoad","|-immune|p1a: Seismitoad|[msg]|[from] ability: Water Absorb","|","|turn|6","|choice|move stealthrock|switch 3","|","|switch|p2a: Whimsicott|Whimsicott, M|261/261","|-damage|p2a: Whimsicott|229/261|[from] Spikes","|move|p1a: Seismitoad|Stealth Rock|p2a: Whimsicott","|-sidestart|p2: FlareonDriod|move: Stealth Rock","|","|turn|7","|choice|switch 2|move gigadrain 1","|","|switch|p1a: Skarmory|Skarmory, F|333/333","|move|p2a: Whimsicott|Giga Drain|p1a: Skarmory","|-resisted|p1a: Skarmory","|-damage|p1a: Skarmory|309/333","|-heal|p2a: Whimsicott|241/261|[from] drain|[of] p1a: Skarmory","|","|turn|8","|choice|move ironhead 1|switch 3","|","|switch|p2a: Empoleon|Empoleon, M|372/372","|-damage|p2a: Empoleon|326/372|[from] Spikes","|-damage|p2a: Empoleon|303/372|[from] Stealth Rock","|move|p1a: Skarmory|Iron Head|p2a: Empoleon","|-resisted|p2a: Empoleon","|-damage|p2a: Empoleon|282/372","|","|-heal|p2a: Empoleon|305/372|[from] item: Leftovers","|turn|9","|choice|switch 2|move defog 1","|","|switch|p1a: Seismitoad|Seismitoad, M|413/413","|move|p2a: Empoleon|Defog|p1a: Seismitoad","|-unboost|p1a: Seismitoad|evasion|1","|-sideend|p2: FlareonDriod|Spikes|[from] move: Defog|[of] p2a: Empoleon","|-sideend|p2: FlareonDriod|Stealth Rock|[from] move: Defog|[of] p2a: Empoleon","|","|-heal|p2a: Empoleon|328/372|[from] item: Leftovers","|turn|10","|choice|move earthpower 1|switch 3","|","|switch|p2a: Whimsicott|Whimsicott, M|241/261","|move|p1a: Seismitoad|Earth Power|p2a: Whimsicott","|-resisted|p2a: Whimsicott","|-damage|p2a: Whimsicott|181/261","|","|turn|11","|choice|switch 2|move gigadrain 1","|","|switch|p1a: Skarmory|Skarmory, F|309/333","|move|p2a: Whimsicott|Giga Drain|p1a: Skarmory","|-resisted|p1a: Skarmory","|-damage|p1a: Skarmory|287/333","|-heal|p2a: Whimsicott|192/261|[from] drain|[of] p1a: Skarmory","|","|turn|12","|choice|move ironhead 1|switch 3","|","|switch|p2a: Empoleon|Empoleon, M|328/372","|move|p1a: Skarmory|Iron Head|p2a: Empoleon","|-resisted|p2a: Empoleon","|-damage|p2a: Empoleon|306/372","|","|-heal|p2a: Empoleon|329/372|[from] item: Leftovers","|turn|13","|choice|switch 2|move stealthrock","|","|switch|p1a: Seismitoad|Seismitoad, M|413/413","|move|p2a: Empoleon|Stealth Rock|p1a: Seismitoad","|-sidestart|p1: BatterBotto|move: Stealth Rock","|","|-heal|p2a: Empoleon|352/372|[from] item: Leftovers","|turn|14","|choice|move earthpower 1|switch 3","|","|switch|p2a: Whimsicott|Whimsicott, M|192/261","|move|p1a: Seismitoad|Earth Power|p2a: Whimsicott","|-resisted|p2a: Whimsicott","|-damage|p2a: Whimsicott|135/261","|","|turn|15","|choice|switch 2|move gigadrain 1","|","|switch|p1a: Skarmory|Skarmory, F|287/333","|-damage|p1a: Skarmory|246/333|[from] Stealth Rock","|move|p2a: Whimsicott|Giga Drain|p1a: Skarmory","|-resisted|p1a: Skarmory","|-damage|p1a: Skarmory|223/333","|-heal|p2a: Whimsicott|147/261|[from] drain|[of] p1a: Skarmory","|","|turn|16","|choice|move ironhead 1|switch 3","|","|switch|p2a: Empoleon|Empoleon, M|352/372","|move|p1a: Skarmory|Iron Head|p2a: Empoleon","|-resisted|p2a: Empoleon","|-damage|p2a: Empoleon|330/372","|","|-heal|p2a: Empoleon|353/372|[from] item: Leftovers","|turn|17","|choice|switch 2|move icebeam 1","|","|switch|p1a: Seismitoad|Seismitoad, M|413/413","|-damage|p1a: Seismitoad|388/413|[from] Stealth Rock","|move|p2a: Empoleon|Ice Beam|p1a: Seismitoad","|-damage|p1a: Seismitoad|294/413","|","|-heal|p1a: Seismitoad|319/413|[from] item: Leftovers","|-heal|p2a: Empoleon|372/372|[from] item: Leftovers","|turn|18","|choice|move stealthrock|switch 3","|","|switch|p2a: Whimsicott|Whimsicott, M|147/261","|move|p1a: Seismitoad|Stealth Rock|p2a: Whimsicott","|-sidestart|p2: FlareonDriod|move: Stealth Rock","|","|-heal|p1a: Seismitoad|344/413|[from] item: Leftovers","|turn|19","|choice|switch 2|move gigadrain 1","|","|switch|p1a: Skarmory|Skarmory, F|223/333","|-damage|p1a: Skarmory|182/333|[from] Stealth Rock","|move|p2a: Whimsicott|Giga Drain|p1a: Skarmory","|-resisted|p1a: Skarmory","|-damage|p1a: Skarmory|160/333","|-heal|p2a: Whimsicott|158/261|[from] drain|[of] p1a: Skarmory","|","|turn|20","|choice|move ironhead 1|move moonblast 1","|","|move|p2a: Whimsicott|Moonblast|p1a: Skarmory","|-resisted|p1a: Skarmory","|-damage|p1a: Skarmory|105/333","|move|p1a: Skarmory|Iron Head|p2a: Whimsicott","|-supereffective|p2a: Whimsicott","|-damage|p2a: Whimsicott|0 fnt","|faint|p2a: Whimsicott","|","|choice||switch 3","|","|switch|p2a: Empoleon|Empoleon, M|372/372","|-damage|p2a: Empoleon|349/372|[from] Stealth Rock","|turn|21","|choice|switch 2|move defog 1","|","|switch|p1a: Seismitoad|Seismitoad, M|344/413","|-damage|p1a: Seismitoad|319/413|[from] Stealth Rock","|move|p2a: Empoleon|Defog|p1a: Seismitoad","|-unboost|p1a: Seismitoad|evasion|1","|-sideend|p1: BatterBotto|Stealth Rock|[from] move: Defog|[of] p1a: Seismitoad","|-sideend|p2: FlareonDriod|Stealth Rock|[from] move: Defog|[of] p2a: Empoleon","|","|-heal|p1a: Seismitoad|344/413|[from] item: Leftovers","|-heal|p2a: Empoleon|372/372|[from] item: Leftovers","|turn|22","|choice|move earthpower 1|switch 2","|","|switch|p2a: Hydreigon|Hydreigon, M|325/325","|move|p1a: Seismitoad|Earth Power|p2a: Hydreigon","|-immune|p2a: Hydreigon|[msg]|[from] ability: Levitate","|","|-heal|p1a: Seismitoad|369/413|[from] item: Leftovers","|turn|23","|choice|switch 5|move dracometeor 1","|","|switch|p1a: Tyranitar|Tyranitar, M|355/355","|-weather|Sandstorm|[from] ability: Sand Stream|[of] p1a: Tyranitar","|move|p2a: Hydreigon|Draco Meteor|p1a: Tyranitar","|-damage|p1a: Tyranitar|195/355","|-unboost|p2a: Hydreigon|spa|2","|","|-weather|Sandstorm|[upkeep]","|-damage|p2a: Hydreigon|305/325|[from] sandstorm","|turn|24","|choice|move stoneedge 1|switch 6","|","|switch|p2a: Toxicroak|Toxicroak, M|307/307","|move|p1a: Tyranitar|Stone Edge|p2a: Toxicroak","|-resisted|p2a: Toxicroak","|-crit|p2a: Toxicroak","|-damage|p2a: Toxicroak|0 fnt","|faint|p2a: Toxicroak","|","|-weather|Sandstorm|[upkeep]","|choice||switch 6","|","|switch|p2a: Hydreigon|Hydreigon, M|305/325","|turn|25","|choice|move stoneedge 1|move dracometeor 1","|","|move|p2a: Hydreigon|Draco Meteor|p1a: Tyranitar","|-damage|p1a: Tyranitar|50/355","|-unboost|p2a: Hydreigon|spa|2","|move|p1a: Tyranitar|Stone Edge|p2a: Hydreigon","|-damage|p2a: Hydreigon|0 fnt","|faint|p2a: Hydreigon","|","|-weather|Sandstorm|[upkeep]","|choice||switch 2","|","|switch|p2a: Empoleon|Empoleon, M|372/372","|turn|26","|choice|switch 5|move scald 1","|","|switch|p1a: Seismitoad|Seismitoad, M|369/413","|move|p2a: Empoleon|Scald|p1a: Seismitoad","|-heal|p1a: Seismitoad|413/413|[from] ability: Water Absorb|[of] p2a: Empoleon","|","|-weather|Sandstorm|[upkeep]","|turn|27","|choice|move stealthrock|switch 4","|","|switch|p2a: Beedrill|Beedrill-Mega, M|202/271","|move|p1a: Seismitoad|Stealth Rock|p2a: Beedrill","|-sidestart|p2: FlareonDriod|move: Stealth Rock","|","|-weather|none","|turn|28","|choice|move earthpower 1|move uturn 1","|","|move|p2a: Beedrill|U-turn|p1a: Seismitoad","|-damage|p1a: Seismitoad|253/413","|choice||switch 5","|","|switch|p2a: Reuniclus|Reuniclus, F|424/424","|move|p1a: Seismitoad|Earth Power|p2a: Reuniclus","|-damage|p2a: Reuniclus|325/424","|","|-heal|p1a: Seismitoad|278/413|[from] item: Leftovers","|-heal|p2a: Reuniclus|351/424|[from] item: Leftovers","|turn|29","|choice|switch 5|switch 5","|","|switch|p1a: Tyranitar|Tyranitar, M|50/355","|-weather|Sandstorm|[from] ability: Sand Stream|[of] p1a: Tyranitar","|switch|p2a: Beedrill|Beedrill-Mega, M|202/271","|-damage|p2a: Beedrill|135/271|[from] Stealth Rock","|","|-weather|Sandstorm|[upkeep]","|-damage|p2a: Beedrill|119/271|[from] sandstorm","|turn|30","|choice|move pursuit 1|move poisonjab 1","|","|move|p2a: Beedrill|Poison Jab|p1a: Tyranitar","|-resisted|p1a: Tyranitar","|-damage|p1a: Tyranitar|0 fnt","|faint|p1a: Tyranitar","|","|-weather|Sandstorm|[upkeep]","|-damage|p2a: Beedrill|103/271|[from] sandstorm","|choice|switch 2|","|","|switch|p1a: Skarmory|Skarmory, F|105/333","|turn|31","|choice|move roost|move uturn 1","|","|move|p2a: Beedrill|U-turn|p1a: Skarmory","|-resisted|p1a: Skarmory","|-damage|p1a: Skarmory|75/333","|-damage|p2a: Beedrill|58/271|[from] item: Rocky Helmet|[of] p1a: Skarmory","|choice||switch 4","|","|switch|p2a: Empoleon|Empoleon, M|372/372","|-damage|p2a: Empoleon|349/372|[from] Stealth Rock","|move|p1a: Skarmory|Roost|p1a: Skarmory","|-heal|p1a: Skarmory|242/333","|","|-weather|Sandstorm|[upkeep]","|-heal|p2a: Empoleon|372/372|[from] item: Leftovers","|turn|32","|choice|switch 5|move defog 1","|","|switch|p1a: Seismitoad|Seismitoad, M|278/413","|move|p2a: Empoleon|Defog|p1a: Seismitoad","|-unboost|p1a: Seismitoad|evasion|1","|-sideend|p2: FlareonDriod|Stealth Rock|[from] move: Defog|[of] p2a: Empoleon","|","|-weather|Sandstorm|[upkeep]","|-heal|p1a: Seismitoad|303/413|[from] item: Leftovers","|turn|33","|choice|move earthpower 1|switch 4","|","|switch|p2a: Beedrill|Beedrill-Mega, M|58/271","|move|p1a: Seismitoad|Earth Power|p2a: Beedrill","|-damage|p2a: Beedrill|0 fnt","|faint|p2a: Beedrill","|","|-weather|none","|-heal|p1a: Seismitoad|328/413|[from] item: Leftovers","|choice||switch 5","|","|switch|p2a: Reuniclus|Reuniclus, F|351/424","|turn|34","|choice|switch 6|move psyshock 1","|","|switch|p1a: Latias|Latias, F|363/363","|move|p2a: Reuniclus|Psyshock|p1a: Latias","|-resisted|p1a: Latias","|-damage|p1a: Latias|300/363","|","|-heal|p2a: Reuniclus|377/424|[from] item: Leftovers","|turn|35","|choice|move roost mega|move shadowball 1","|","|detailschange|p1a: Latias|Latias-Mega, F","|-mega|p1a: Latias|Latias|Latiasite","|move|p1a: Latias|Roost|p1a: Latias","|-heal|p1a: Latias|363/363","|move|p2a: Reuniclus|Shadow Ball|p1a: Latias","|-supereffective|p1a: Latias","|-damage|p1a: Latias|255/363","|","|-heal|p2a: Reuniclus|403/424|[from] item: Leftovers","|turn|36","|choice|move icebeam 1|move shadowball 1","|","|move|p1a: Latias|Ice Beam|p2a: Reuniclus","|-damage|p2a: Reuniclus|289/424","|move|p2a: Reuniclus|Shadow Ball|p1a: Latias","|-supereffective|p1a: Latias","|-damage|p1a: Latias|141/363","|","|-heal|p2a: Reuniclus|315/424|[from] item: Leftovers","|turn|37","|choice|move roost|move shadowball 1","|","|move|p1a: Latias|Roost|p1a: Latias","|-heal|p1a: Latias|323/363","|move|p2a: Reuniclus|Shadow Ball|p1a: Latias","|-supereffective|p1a: Latias","|-damage|p1a: Latias|217/363","|","|-heal|p2a: Reuniclus|341/424|[from] item: Leftovers","|turn|38","|choice|move thunderwave 1|move shadowball 1","|","|move|p1a: Latias|Thunder Wave|p2a: Reuniclus","|-status|p2a: Reuniclus|par","|move|p2a: Reuniclus|Shadow Ball|p1a: Latias","|-supereffective|p1a: Latias","|-damage|p1a: Latias|117/363","|","|-heal|p2a: Reuniclus|367/424 par|[from] item: Leftovers","|turn|39","|choice|move icebeam 1|move shadowball 1","|","|move|p1a: Latias|Ice Beam|p2a: Reuniclus","|-damage|p2a: Reuniclus|254/424 par","|move|p2a: Reuniclus|Shadow Ball|p1a: Latias","|-supereffective|p1a: Latias","|-damage|p1a: Latias|3/363","|","|-heal|p2a: Reuniclus|280/424 par|[from] item: Leftovers","|turn|40","|choice|move icebeam 1|move psyshock 1","|","|move|p1a: Latias|Ice Beam|p2a: Reuniclus","|-damage|p2a: Reuniclus|176/424 par","|move|p2a: Reuniclus|Psyshock|p1a: Latias","|-resisted|p1a: Latias","|-damage|p1a: Latias|0 fnt","|faint|p1a: Latias","|","|-heal|p2a: Reuniclus|202/424 par|[from] item: Leftovers","|choice|switch 5|","|","|switch|p1a: Skarmory|Skarmory, F|242/333","|turn|41","|choice|move spikes|switch 4","|","|switch|p2a: Empoleon|Empoleon, M|372/372","|move|p1a: Skarmory|Spikes|p2a: Empoleon","|-sidestart|p2: FlareonDriod|Spikes","|","|turn|42","|choice|switch 6|move icebeam 1","|","|switch|p1a: Seismitoad|Seismitoad, M|328/413","|move|p2a: Empoleon|Ice Beam|p1a: Seismitoad","|-damage|p1a: Seismitoad|227/413","|","|-heal|p1a: Seismitoad|252/413|[from] item: Leftovers","|turn|43","|choice|move earthpower 1|switch 4","|","|switch|p2a: Reuniclus|Reuniclus, F|202/424 par","|move|p1a: Seismitoad|Earth Power|p2a: Reuniclus","|-damage|p2a: Reuniclus|103/424 par","|","|-heal|p1a: Seismitoad|277/413|[from] item: Leftovers","|-heal|p2a: Reuniclus|129/424 par|[from] item: Leftovers","|turn|44","|choice|move earthpower 1|move shadowball 1","|","|move|p1a: Seismitoad|Earth Power|p2a: Reuniclus","|-damage|p2a: Reuniclus|30/424 par","|move|p2a: Reuniclus|Shadow Ball|p1a: Seismitoad","|-damage|p1a: Seismitoad|178/413","|","|-heal|p1a: Seismitoad|203/413|[from] item: Leftovers","|-heal|p2a: Reuniclus|56/424 par|[from] item: Leftovers","|turn|45","|choice|move earthpower 1|move psyshock 1","|","|move|p1a: Seismitoad|Earth Power|p2a: Reuniclus","|-damage|p2a: Reuniclus|0 fnt","|faint|p2a: Reuniclus","|","|-heal|p1a: Seismitoad|228/413|[from] item: Leftovers","|choice||switch 4","|","|switch|p2a: Empoleon|Empoleon, M|372/372","|-damage|p2a: Empoleon|326/372|[from] Spikes","|turn|46","|choice|move earthpower 1|move icebeam 1","|","|move|p1a: Seismitoad|Earth Power|p2a: Empoleon","|-supereffective|p2a: Empoleon","|-damage|p2a: Empoleon|198/372","|move|p2a: Empoleon|Ice Beam|p1a: Seismitoad","|-crit|p1a: Seismitoad","|-damage|p1a: Seismitoad|76/413","|","|-heal|p1a: Seismitoad|101/413|[from] item: Leftovers","|-heal|p2a: Empoleon|221/372|[from] item: Leftovers","|turn|47","|choice|move earthpower 1|move stealthrock","|","|move|p1a: Seismitoad|Earth Power|p2a: Empoleon","|-supereffective|p2a: Empoleon","|-damage|p2a: Empoleon|81/372","|move|p2a: Empoleon|Stealth Rock|p1a: Seismitoad","|-sidestart|p1: BatterBotto|move: Stealth Rock","|","|-heal|p1a: Seismitoad|126/413|[from] item: Leftovers","|-heal|p2a: Empoleon|104/372|[from] item: Leftovers","|turn|48","|choice|move earthpower 1|move icebeam 1","|","|move|p1a: Seismitoad|Earth Power|p2a: Empoleon","|-supereffective|p2a: Empoleon","|-damage|p2a: Empoleon|0 fnt","|faint|p2a: Empoleon","|","|win|BatterBotto"],"p1rating":1174.4354143797707,"p2rating":1147.0739830475043,"endType":"normal"}