{"seed":[34122,37202,42304,64550],"turns":25,"p1":"BatterBotto","p2":"lemayju77","p1team":[{"name":"Seismitoad","species":"Seismitoad","item":"leftovers","ability":"Water Absorb","moves":["stealthrock","scald","earthpower","toxic"],"nature":"Bold","evs":{"hp":248,"atk":0,"def":240,"spa":0,"spd":20,"spe":0},"gender":"M","ivs":{"hp":31,"atk":0,"def":31,"spa":31,"spd":31,"spe":31}},{"name":"Skarmory","species":"Skarmory","item":"rockyhelmet","ability":"Sturdy","moves":["spikes","ironhead","roost","whirlwind"],"nature":"Impish","evs":{"hp":248,"atk":0,"def":0,"spa":0,"spd":236,"spe":24},"gender":"F","ivs":{"hp":31,"atk":31,"def":31,"spa":31,"spd":31,"spe":31}},{"name":"Clefable","species":"Clefable","item":"leftovers","ability":"Magic Guard","moves":["calmmind","moonblast","flamethrower","softboiled"],"nature":"Calm","evs":{"hp":252,"atk":0,"def":160,"spa":0,"spd":96,"spe":0},"gender":"F","ivs":{"hp":31,"atk":0,"def":31,"spa":31,"spd":31,"spe":31}},{"name":"Tyranitar","species":"Tyranitar","item":"choiceband","ability":"Sand Stream","moves":["pursuit","stoneedge","crunch","icepunch"],"nature":"Adamant","evs":{"hp":56,"atk":252,"def":4,"spa":0,"spd":0,"spe":196},"gender":"M","ivs":{"hp":31,"atk":31,"def":31,"spa":31,"spd":31,"spe":31}},{"name":"Gengar","species":"Gengar","item":"choicescarf","ability":"Levitate","moves":["shadowball","sludgewave","focusblast","trick"],"nature":"Timid","evs":{"hp":0,"atk":0,"def":0,"spa":252,"spd":4,"spe":252},"gender":"M","ivs":{"hp":31,"atk":0,"def":31,"spa":31,"spd":31,"spe":31},"shiny":true},{"name":"Latias","species":"Latias","item":"latiasite","ability":"Levitate","moves":["thunderbolt","icebeam","roost","thunderwave"],"nature":"Timid","evs":{"hp":248,"atk":0,"def":32,"spa":12,"spd":0,"spe":216},"ivs":{"hp":31,"atk":0,"def":31,"spa":31,"spd":31,"spe":31}}],"p2team":[{"name":"Manectric","species":"Manectric","item":"manectite","ability":"Lightning Rod","moves":["thunderbolt","voltswitch","flamethrower","hiddenpowerice"],"nature":"Timid","evs":{"hp":0,"atk":0,"def":4,"spa":252,"spd":0,"spe":252},"ivs":{"atk":30,"def":30,"hp":31,"spe":31,"spa":31,"spd":31}},{"name":"Tyranitar","species":"Tyranitar","item":"choiceband","ability":"Sand Stream","moves":["stoneedge","pursuit","superpower","crunch"],"nature":"Jolly","evs":{"hp":0,"atk":252,"def":4,"spa":0,"spd":0,"spe":252},"ivs":{"hp":31,"atk":31,"def":31,"spa":31,"spd":31,"spe":31}},{"name":"Tangrowth","species":"Tangrowth","item":"rockyhelmet","ability":"Regenerator","moves":["sleeppowder","knockoff","leafstorm","hiddenpowerfire"],"nature":"Sassy","evs":{"hp":252,"atk":0,"def":4,"spa":0,"spd":252,"spe":0},"ivs":{"atk":30,"spa":30,"spe":30,"hp":31,"def":31,"spd":31}},{"name":"Tornadus","species":"Tornadus-Therian","item":"assaultvest","ability":"Regenerator","moves":["hurricane","knockoff","heatwave","uturn"],"nature":"Timid","evs":{"hp":132,"atk":0,"def":0,"spa":160,"spd":0,"spe":216},"ivs":{"hp":31,"atk":31,"def":31,"spa":31,"spd":31,"spe":31}},{"name":"Excadrill","species":"Excadrill","item":"lifeorb","ability":"Sand Rush","moves":["earthquake","ironhead","rockslide","swordsdance"],"nature":"Jolly","evs":{"hp":0,"atk":252,"def":4,"spa":0,"spd":0,"spe":252},"ivs":{"hp":31,"atk":31,"def":31,"spa":31,"spd":31,"spe":31}},{"name":"Volcanion","species":"Volcanion","item":"mysticwater","ability":"Water Absorb","moves":["steameruption","flamethrower","sludgebomb","hiddenpowergrass"],"nature":"Modest","evs":{"hp":252,"atk":0,"def":0,"spa":252,"spd":0,"spe":4},"ivs":{"atk":30,"spa":30,"hp":31,"def":31,"spe":31,"spd":31}}],"log":["|player|p1|BatterBotto|batterbotto.png","|player|p2|lemayju77|266","|gametype|singles","|gen|6","|tier|OU","|rated","|seed|34122,37202,42304,64550","|clearpoke","|poke|p1|Seismitoad, M|item","|poke|p1|Skarmory, F|item","|poke|p1|Clefable, F|item","|poke|p1|Tyranitar, M|item","|poke|p1|Gengar, M, shiny|item","|poke|p1|Latias, F|item","|poke|p2|Manectric, F|item","|poke|p2|Tyranitar, M|item","|poke|p2|Tangrowth, M|item","|poke|p2|Tornadus-Therian, M|item","|poke|p2|Excadrill, F|item","|poke|p2|Volcanion|item","|rule|Swagger Clause: Swagger is banned","|rule|Baton Pass Clause: Limit one Baton Passer, can't pass Spe and other stats simultaneously","|rule|Sleep Clause Mod: Limit one foe put to sleep","|rule|Species Clause: Limit one of each Pokémon","|rule|OHKO Clause: OHKO moves are banned","|rule|Moody Clause: Moody is banned","|rule|Evasion Moves Clause: Evasion moves are banned","|rule|Endless Battle Clause: Forcing endless battles is banned","|rule|HP Percentage Mod: HP is shown in percentages","|teampreview","|choice|team 4, team 1, team 2, team 3, team 5, team 6|team 5, team 2, team 3, team 4, team 1, team 6","|","|start","|switch|p1a: Tyranitar|Tyranitar, M|355/355","|switch|p2a: Excadrill|Excadrill, F|361/361","|-weather|Sandstorm|[from] ability: Sand Stream|[of] p1a: Tyranitar","|turn|1","|choice|move crunch 1|move swordsdance","|","|move|p2a: Excadrill|Swords Dance|p2a: Excadrill","|-boost|p2a: Excadrill|atk|2","|move|p1a: Tyranitar|Crunch|p2a: Excadrill","|-damage|p2a: Excadrill|0 fnt","|faint|p2a: Excadrill","|","|-weather|Sandstorm|[upkeep]","|choice||switch 4","|","|switch|p2a: Tornadus|Tornadus-Therian, M|332/332","|turn|2","|choice|move crunch 1|move hurricane","|","|move|p2a: Tornadus|Hurricane|p1a: Tyranitar","|-resisted|p1a: Tyranitar","|-damage|p1a: Tyranitar|296/355","|-start|p1a: Tyranitar|confusion","|-activate|p1a: Tyranitar|confusion","|move|p1a: Tyranitar|Crunch|p2a: Tornadus","|-damage|p2a: Tornadus|38/332","|-unboost|p2a: Tornadus|def|1","|","|-weather|Sandstorm|[upkeep]","|-damage|p2a: Tornadus|18/332|[from] sandstorm","|turn|3","|choice|move crunch 1|move heatwave","|","|move|p2a: Tornadus|Heat Wave|p1a: Tyranitar","|-resisted|p1a: Tyranitar","|-crit|p1a: Tyranitar","|-damage|p1a: Tyranitar|246/355","|-end|p1a: Tyranitar|confusion","|move|p1a: Tyranitar|Crunch|p2a: Tornadus","|-damage|p2a: Tornadus|0 fnt","|faint|p2a: Tornadus","|","|-weather|Sandstorm|[upkeep]","|choice||switch 6","|","|switch|p2a: Volcanion|Volcanion|364/364","|turn|4","|choice|move crunch 1|move hiddenpower","|","|move|p1a: Tyranitar|Crunch|p2a: Volcanion","|-damage|p2a: Volcanion|148/364","|-unboost|p2a: Volcanion|def|1","|move|p2a: Volcanion|Hidden Power|p1a: Tyranitar","|-supereffective|p1a: Tyranitar","|-damage|p1a: Tyranitar|146/355","|","|-weather|Sandstorm|[upkeep]","|-damage|p2a: Volcanion|126/364|[from] sandstorm","|turn|5","|choice|move crunch 1|move steameruption","|","|move|p1a: Tyranitar|Crunch|p2a: Volcanion","|-damage|p2a: Volcanion|0 fnt","|faint|p2a: Volcanion","|","|-weather|none","|choice||switch 2","|","|switch|p2a: Tyranitar|Tyranitar, M|341/341","|-weather|Sandstorm|[from] ability: Sand Stream|[of] p2a: Tyranitar","|turn|6","|choice|move crunch 1|move stoneedge","|","|move|p2a: Tyranitar|Stone Edge|p1a: Tyranitar|[miss]","|-miss|p2a: Tyranitar|p1a: Tyranitar","|move|p1a: Tyranitar|Crunch|p2a: Tyranitar","|-resisted|p2a: Tyranitar","|-damage|p2a: Tyranitar|233/341","|","|-weather|Sandstorm|[upkeep]","|turn|7","|choice|move crunch 1|move stoneedge","|","|move|p2a: Tyranitar|Stone Edge|p1a: Tyranitar","|-damage|p1a: Tyranitar|0 fnt","|faint|p1a: Tyranitar","|","|-weather|Sandstorm|[upkeep]","|choice|switch 2|","|","|switch|p1a: Seismitoad|Seismitoad, M|413/413","|turn|8","|choice|move toxic 1|move stoneedge","|","|move|p2a: Tyranitar|Stone Edge|p1a: Seismitoad|[miss]","|-miss|p2a: Tyranitar|p1a: Seismitoad","|move|p1a: Seismitoad|Toxic|p2a: Tyranitar","|-status|p2a: Tyranitar|tox","|","|-weather|Sandstorm|[upkeep]","|-damage|p2a: Tyranitar|212/341 tox|[from] psn","|turn|9","|choice|move stealthrock|move stoneedge","|","|move|p2a: Tyranitar|Stone Edge|p1a: Seismitoad|[miss]","|-miss|p2a: Tyranitar|p1a: Seismitoad","|move|p1a: Seismitoad|Stealth Rock|p2a: Tyranitar","|-sidestart|p2: lemayju77|move: Stealth Rock","|","|-weather|Sandstorm|[upkeep]","|-damage|p2a: Tyranitar|170/341 tox|[from] psn","|turn|10","|choice|move scald 1|move stoneedge","|","|move|p2a: Tyranitar|Stone Edge|p1a: Seismitoad|[miss]","|-miss|p2a: Tyranitar|p1a: Seismitoad","|move|p1a: Seismitoad|Scald|p2a: Tyranitar","|-supereffective|p2a: Tyranitar","|-damage|p2a: Tyranitar|60/341 tox","|","|-weather|none","|-damage|p2a: Tyranitar|0 fnt|[from] psn","|faint|p2a: Tyranitar","|choice||switch 3","|","|switch|p2a: Tangrowth|Tangrowth, M|404/404","|-damage|p2a: Tangrowth|354/404|[from] Stealth Rock","|turn|11","|choice|switch 3|move sleeppowder","|","|switch|p1a: Skarmory|Skarmory, F|333/333","|move|p2a: Tangrowth|Sleep Powder|p1a: Skarmory","|-status|p1a: Skarmory|slp","|","|turn|12","|choice|move spikes|move leafstorm","|","|cant|p1a: Skarmory|slp","|move|p2a: Tangrowth|Leaf Storm|p1a: Skarmory","|-resisted|p1a: Skarmory","|-damage|p1a: Skarmory|292/333 slp","|-unboost|p2a: Tangrowth|spa|2","|","|turn|13","|choice|move spikes|move hiddenpower","|","|cant|p1a: Skarmory|slp","|move|p2a: Tangrowth|Hidden Power|p1a: Skarmory","|-supereffective|p1a: Skarmory","|-damage|p1a: Skarmory|236/333 slp","|","|turn|14","|choice|move spikes|move hiddenpower","|","|cant|p1a: Skarmory|slp","|move|p2a: Tangrowth|Hidden Power|p1a: Skarmory","|-supereffective|p1a: Skarmory","|-damage|p1a: Skarmory|180/333 slp","|","|turn|15","|choice|move roost|move sleeppowder","|","|-curestatus|p1a: Skarmory|slp|[msg]","|move|p1a: Skarmory|Roost|p1a: Skarmory","|-heal|p1a: Skarmory|333/333","|move|p2a: Tangrowth|Sleep Powder|p1a: Skarmory","|-status|p1a: Skarmory|slp","|","|turn|16","|choice|move ironhead 1|switch 5","|","|switch|p2a: Manectric|Manectric, F|281/281","|-damage|p2a: Manectric|246/281|[from] Stealth Rock","|cant|p1a: Skarmory|slp","|","|turn|17","|choice|switch 3|move thunderbolt mega","|","|switch|p1a: Seismitoad|Seismitoad, M|413/413","|detailschange|p2a: Manectric|Manectric-Mega, F","|-mega|p2a: Manectric|Manectric|Manectite","|-ability|p2a: Manectric|Intimidate|boost","|-unboost|p1a: Seismitoad|atk|1","|move|p2a: Manectric|Thunderbolt|p1a: Seismitoad","|-immune|p1a: Seismitoad|[msg]","|","|turn|18","|choice|move earthpower 1|move hiddenpower","|","|move|p2a: Manectric|Hidden Power|p1a: Seismitoad","|-damage|p1a: Seismitoad|320/413","|move|p1a: Seismitoad|Earth Power|p2a: Manectric","|-supereffective|p2a: Manectric","|-crit|p2a: Manectric","|-damage|p2a: Manectric|0 fnt","|faint|p2a: Manectric","|","|-heal|p1a: Seismitoad|345/413|[from] item: Leftovers","|choice||switch 5","|","|switch|p2a: Tangrowth|Tangrowth, M|404/404","|-damage|p2a: Tangrowth|354/404|[from] Stealth Rock","|turn|19","|choice|switch 3|move sleeppowder","|","|switch|p1a: Skarmory|Skarmory, F|333/333 slp","|move|p2a: Tangrowth|Sleep Powder|p1a: Skarmory","|-fail|p1a: Skarmory|slp","|","|turn|20","|choice|move ironhead 1|move leafstorm","|","|-curestatus|p1a: Skarmory|slp|[msg]","|move|p1a: Skarmory|Iron Head|p2a: Tangrowth","|-damage|p2a: Tangrowth|288/404","|-damage|p1a: Skarmory|278/333|[from] item: Rocky Helmet|[of] p2a: Tangrowth","|cant|p2a: Tangrowth|flinch","|","|turn|21","|choice|move ironhead 1|move hiddenpower","|","|move|p1a: Skarmory|Iron Head|p2a: Tangrowth","|-damage|p2a: Tangrowth|219/404","|-damage|p1a: Skarmory|223/333|[from] item: Rocky Helmet|[of] p2a: Tangrowth","|move|p2a: Tangrowth|Hidden Power|p1a: Skarmory","|-supereffective|p1a: Skarmory","|-damage|p1a: Skarmory|123/333","|","|turn|22","|choice|move ironhead 1|move hiddenpower","|","|move|p1a: Skarmory|Iron Head|p2a: Tangrowth","|-damage|p2a: Tangrowth|159/404","|-damage|p1a: Skarmory|68/333|[from] item: Rocky Helmet|[of] p2a: Tangrowth","|cant|p2a: Tangrowth|flinch","|","|turn|23","|choice|move roost|move hiddenpower","|","|move|p1a: Skarmory|Roost|p1a: Skarmory","|-heal|p1a: Skarmory|235/333","|move|p2a: Tangrowth|Hidden Power|p1a: Skarmory","|-supereffective|p1a: Skarmory","|-damage|p1a: Skarmory|125/333","|","|turn|24","|choice|move ironhead 1|move hiddenpower","|","|move|p1a: Skarmory|Iron Head|p2a: Tangrowth","|-damage|p2a: Tangrowth|96/404","|-damage|p1a: Skarmory|70/333|[from] item: Rocky Helmet|[of] p2a: Tangrowth","|move|p2a: Tangrowth|Hidden Power|p1a: Skarmory","|-supereffective|p1a: Skarmory","|-damage|p1a: Skarmory|0 fnt","|faint|p1a: Skarmory","|","|choice|switch 5|","|","|switch|p1a: Gengar|Gengar, M, shiny|261/261","|turn|25","|choice|move shadowball 1|move sleeppowder","|","|move|p1a: Gengar|Shadow Ball|p2a: Tangrowth","|-damage|p2a: Tangrowth|0 fnt","|faint|p2a: Tangrowth","|","|win|BatterBotto"],"p1rating":1120.3334985047188,"p2rating":1000,"endType":"normal"}