{"seed":[64225,27358,45076,43803,28303,56081,57037,1079,33824,23885,17785,63290],"turns":26,"p1":"Bowser20012","p2":"zayven","p1team":[{"name":"Empoleon","species":"Empoleon","moves":["flashcannon","icebeam","roar","hydropump"],"ability":"Torrent","evs":{"hp":85,"atk":0,"def":85,"spa":85,"spd":85,"spe":85},"ivs":{"hp":31,"atk":0,"def":31,"spa":31,"spd":31,"spe":31},"item":"Life Orb","level":77,"shiny":false},{"name":"Volcarona","species":"Volcarona","moves":["hiddenpowerground","roost","fireblast","bugbuzz"],"ability":"Swarm","evs":{"hp":85,"atk":0,"def":85,"spa":85,"spd":85,"spe":85},"ivs":{"hp":31,"atk":0,"def":31,"spa":31,"spd":31,"spe":31},"item":"Life Orb","level":75,"shiny":false,"hpType":"Ground"},{"name":"Chansey","species":"Chansey","moves":["seismictoss","stealthrock","healbell","wish"],"ability":"Natural Cure","evs":{"hp":85,"atk":0,"def":85,"spa":85,"spd":85,"spe":85},"ivs":{"hp":31,"atk":0,"def":31,"spa":31,"spd":31,"spe":31},"item":"Eviolite","level":75,"shiny":false},{"name":"Scolipede","species":"Scolipede","moves":["rockslide","swordsdance","megahorn","substitute"],"ability":"Speed Boost","evs":{"hp":85,"atk":85,"def":85,"spa":85,"spd":85,"spe":85},"ivs":{"hp":31,"atk":31,"def":31,"spa":31,"spd":31,"spe":31},"item":"Black Sludge","level":75,"shiny":false},{"name":"Tyrantrum","species":"Tyrantrum","moves":["dragondance","headsmash","superpower","dragonclaw"],"ability":"Rock Head","evs":{"hp":85,"atk":85,"def":85,"spa":85,"spd":85,"spe":85},"ivs":{"hp":31,"atk":31,"def":31,"spa":31,"spd":31,"spe":31},"item":"Life Orb","level":79,"shiny":false},{"name":"Mechroarmancer","species":"Mechroarmancer","moves":["dragonclaw","partingshot","geargrind","ironhead"],"ability":"Magic Guard","evs":{"hp":85,"atk":85,"def":85,"spa":85,"spd":85,"spe":85},"ivs":{"hp":31,"atk":31,"def":31,"spa":31,"spd":31,"spe":31},"item":"Life Orb","level":73,"shiny":false}],"p2team":[{"name":"Marowak","species":"Marowak","moves":["doubleedge","substitute","earthquake","knockoff"],"ability":"Rock Head","evs":{"hp":85,"atk":85,"def":85,"spa":85,"spd":85,"spe":85},"ivs":{"hp":31,"atk":31,"def":31,"spa":31,"spd":31,"spe":31},"item":"Thick Club","level":79,"shiny":false},{"name":"Darkrai","species":"Darkrai","moves":["sludgebomb","substitute","hypnosis","darkpulse"],"ability":"Bad Dreams","evs":{"hp":85,"atk":0,"def":85,"spa":85,"spd":85,"spe":85},"ivs":{"hp":31,"atk":0,"def":31,"spa":31,"spd":31,"spe":31},"item":"Leftovers","level":73,"shiny":false},{"name":"Shiinotic","species":"Shiinotic","moves":["spore","substitute","moonblast","leechseed"],"ability":"Effect Spore","evs":{"hp":85,"atk":0,"def":85,"spa":85,"spd":85,"spe":85},"ivs":{"hp":31,"atk":0,"def":31,"spa":31,"spd":31,"spe":31},"item":"Leftovers","level":79,"shiny":false},{"name":"Exeggutor","species":"Exeggutor-Alola","moves":["woodhammer","dracometeor","leafstorm","flamethrower"],"ability":"Harvest","evs":{"hp":85,"atk":85,"def":85,"spa":85,"spd":85,"spe":85},"ivs":{"hp":31,"atk":31,"def":31,"spa":31,"spd":31,"spe":31},"item":"Sitrus Berry","level":79,"shiny":false},{"name":"Bronzong","species":"Bronzong","moves":["explosion","gyroball","trickroom","toxic"],"ability":"Levitate","evs":{"hp":85,"atk":85,"def":85,"spa":85,"spd":85,"spe":0},"ivs":{"hp":31,"atk":31,"def":31,"spa":31,"spd":31,"spe":0},"item":"Leftovers","level":79,"shiny":false},{"name":"Mechroarmancer","species":"Mechroarmancer","moves":["partingshot","shiftgear","dragonclaw","geargrind"],"ability":"Magic Guard","evs":{"hp":85,"atk":85,"def":85,"spa":85,"spd":85,"spe":85},"ivs":{"hp":31,"atk":31,"def":31,"spa":31,"spd":31,"spe":31},"item":"Life Orb","level":73,"shiny":false}],"log":["|player|p1|Bowser20012|265","|player|p2|zayven|1","|gametype|singles","|gen|7","|tier|[Fakemon] Random Battle","|rated","|seed|64225,27358,45076,43803,28303,56081,57037,1079,33824,23885,17785,63290","|rule|Sleep Clause Mod: Limit one foe put to sleep","|rule|HP Percentage Mod: HP is shown in percentages","|rule|Freeze Clause Mod: Limit one foe frozen","|","|start","|switch|p1a: Empoleon|Empoleon, L77, F|100/100","|switch|p2a: Marowak|Marowak, L79, F|100/100","|turn|1","|choice|move hydropump|move earthquake","|","|move|p1a: Empoleon|Hydro Pump|p2a: Marowak|[miss]","|-miss|p1a: Empoleon|p2a: Marowak","|move|p2a: Marowak|Earthquake|p1a: Empoleon","|-supereffective|p1a: Empoleon","|-damage|p1a: Empoleon|0 fnt","|faint|p1a: Empoleon","|","|upkeep","|choice|switch 4|","|","|switch|p1a: Scolipede|Scolipede, L75, M|100/100","|turn|2","|choice|move megahorn|move earthquake","|","|move|p1a: Scolipede|Megahorn|p2a: Marowak|[miss]","|-miss|p1a: Scolipede|p2a: Marowak","|move|p2a: Marowak|Earthquake|p1a: Scolipede","|-damage|p1a: Scolipede|19/100","|","|-heal|p1a: Scolipede|25/100|[from] item: Black Sludge","|-ability|p1a: Scolipede|Speed Boost|boost","|-boost|p1a: Scolipede|spe|1","|upkeep","|turn|3","|choice|move megahorn|move earthquake","|","|move|p1a: Scolipede|Megahorn|p2a: Marowak","|-damage|p2a: Marowak|56/100","|move|p2a: Marowak|Earthquake|p1a: Scolipede","|-damage|p1a: Scolipede|0 fnt","|faint|p1a: Scolipede","|","|upkeep","|choice|switch 5|","|","|switch|p1a: Tyrantrum|Tyrantrum, L79, M|100/100","|turn|4","|choice|move dragonclaw|switch 5","|","|switch|p2a: Bronzong|Bronzong, L79|100/100","|move|p1a: Tyrantrum|Dragon Claw|p2a: Bronzong","|-resisted|p2a: Bronzong","|-damage|p2a: Bronzong|78/100","|-damage|p1a: Tyrantrum|91/100|[from] item: Life Orb","|","|-heal|p2a: Bronzong|84/100|[from] item: Leftovers","|upkeep","|turn|5","|choice|switch 2|move gyroball","|","|switch|p1a: Volcarona|Volcarona, L75, M|100/100","|move|p2a: Bronzong|Gyro Ball|p1a: Volcarona","|-resisted|p1a: Volcarona","|-damage|p1a: Volcarona|80/100","|","|-heal|p2a: Bronzong|90/100|[from] item: Leftovers","|upkeep","|turn|6","|choice|move fireblast|move toxic","|","|move|p1a: Volcarona|Fire Blast|p2a: Bronzong","|-supereffective|p2a: Bronzong","|-damage|p2a: Bronzong|0 fnt","|-damage|p1a: Volcarona|70/100|[from] item: Life Orb","|faint|p2a: Bronzong","|","|upkeep","|choice||switch 3","|","|switch|p2a: Shiinotic|Shiinotic, L79, F|100/100","|turn|7","|choice|move fireblast|move moonblast","|","|move|p1a: Volcarona|Fire Blast|p2a: Shiinotic","|-supereffective|p2a: Shiinotic","|-damage|p2a: Shiinotic|0 fnt","|-damage|p1a: Volcarona|60/100|[from] item: Life Orb","|faint|p2a: Shiinotic","|","|upkeep","|choice||switch 4","|","|switch|p2a: Exeggutor|Exeggutor-Alola, L79, F|100/100","|turn|8","|choice|move roost|move dracometeor","|","|move|p1a: Volcarona|Roost|p1a: Volcarona","|-heal|p1a: Volcarona|100/100","|move|p2a: Exeggutor|Draco Meteor|p1a: Volcarona","|-damage|p1a: Volcarona|48/100","|-unboost|p2a: Exeggutor|spa|2","|","|upkeep","|turn|9","|choice|move roost|move dracometeor","|","|move|p1a: Volcarona|Roost|p1a: Volcarona","|-heal|p1a: Volcarona|98/100","|move|p2a: Exeggutor|Draco Meteor|p1a: Volcarona","|-damage|p1a: Volcarona|67/100","|-unboost|p2a: Exeggutor|spa|2","|","|upkeep","|turn|10","|choice|move fireblast|move flamethrower","|","|move|p1a: Volcarona|Fire Blast|p2a: Exeggutor","|-damage|p2a: Exeggutor|29/100","|-enditem|p2a: Exeggutor|Sitrus Berry|[eat]","|-heal|p2a: Exeggutor|54/100|[from] item: Sitrus Berry","|-damage|p1a: Volcarona|57/100|[from] item: Life Orb","|move|p2a: Exeggutor|Flamethrower|p1a: Volcarona","|-damage|p1a: Volcarona|48/100","|","|upkeep","|turn|11","|choice|move roost|move dracometeor","|","|move|p1a: Volcarona|Roost|p1a: Volcarona","|-heal|p1a: Volcarona|98/100","|move|p2a: Exeggutor|Draco Meteor|p1a: Volcarona","|-damage|p1a: Volcarona|79/100","|-unboost|p2a: Exeggutor|spa|2","|","|-item|p2a: Exeggutor|Sitrus Berry|[from] ability: Harvest","|upkeep","|turn|12","|choice|move fireblast|move leafstorm","|","|move|p1a: Volcarona|Fire Blast|p2a: Exeggutor|[miss]","|-miss|p1a: Volcarona|p2a: Exeggutor","|move|p2a: Exeggutor|Leaf Storm|p1a: Volcarona","|-resisted|p1a: Volcarona","|-damage|p1a: Volcarona|75/100","|","|upkeep","|turn|13","|choice|move fireblast|move dracometeor","|","|move|p1a: Volcarona|Fire Blast|p2a: Exeggutor","|-damage|p2a: Exeggutor|0 fnt","|-damage|p1a: Volcarona|65/100|[from] item: Life Orb","|faint|p2a: Exeggutor","|","|upkeep","|choice||switch 6","|","|switch|p2a: Mechroarmancer|mechroarmancer, L73, F|100/100","|turn|14","|choice|move fireblast|move dragonclaw","|","|move|p1a: Volcarona|Fire Blast|p2a: Mechroarmancer","|-damage|p2a: Mechroarmancer|28/100","|-damage|p1a: Volcarona|55/100|[from] item: Life Orb","|move|p2a: Mechroarmancer|Dragon Claw|p1a: Volcarona","|-damage|p1a: Volcarona|0 fnt","|faint|p1a: Volcarona","|","|upkeep","|choice|switch 2|","|","|switch|p1a: Tyrantrum|Tyrantrum, L79, M|91/100","|turn|15","|choice|move dragonclaw|move partingshot","|","|move|p1a: Tyrantrum|Dragon Claw|p2a: Mechroarmancer","|-damage|p2a: Mechroarmancer|0 fnt","|-damage|p1a: Tyrantrum|81/100|[from] item: Life Orb","|faint|p2a: Mechroarmancer","|","|upkeep","|choice||switch 5","|","|switch|p2a: Marowak|Marowak, L79, F|56/100","|turn|16","|choice|move dragonclaw|move knockoff","|","|move|p1a: Tyrantrum|Dragon Claw|p2a: Marowak","|-damage|p2a: Marowak|5/100","|-damage|p1a: Tyrantrum|72/100|[from] item: Life Orb","|move|p2a: Marowak|Knock Off|p1a: Tyrantrum","|-damage|p1a: Tyrantrum|37/100","|-enditem|p1a: Tyrantrum|Life Orb|[from] move: Knock Off|[of] p2a: Marowak","|","|upkeep","|turn|17","|choice|move dragonclaw|move earthquake","|","|move|p1a: Tyrantrum|Dragon Claw|p2a: Marowak","|-damage|p2a: Marowak|0 fnt","|faint|p2a: Marowak","|","|upkeep","|choice||switch 2","|","|switch|p2a: Darkrai|Darkrai, L73|100/100","|turn|18","|choice|move superpower|move hypnosis","|","|move|p2a: Darkrai|Hypnosis|p1a: Tyrantrum","|-status|p1a: Tyrantrum|slp","|cant|p1a: Tyrantrum|slp","|","|-damage|p1a: Tyrantrum|24/100 slp|[from] ability: Bad Dreams|[of] p2a: Darkrai","|upkeep","|turn|19","|choice|move superpower|move darkpulse","|","|move|p2a: Darkrai|Dark Pulse|p1a: Tyrantrum","|-damage|p1a: Tyrantrum|0 fnt","|faint|p1a: Tyrantrum","|","|upkeep","|choice|switch 3|","|","|switch|p1a: Chansey|Chansey, L75, F|100/100","|turn|20","|choice|move seismictoss|move hypnosis","|","|move|p2a: Darkrai|Hypnosis|p1a: Chansey","|-status|p1a: Chansey|slp","|cant|p1a: Chansey|slp","|","|-damage|p1a: Chansey|88/100 slp|[from] ability: Bad Dreams|[of] p2a: Darkrai","|upkeep","|turn|21","|choice|move seismictoss|move darkpulse","|","|move|p2a: Darkrai|Dark Pulse|p1a: Chansey","|-damage|p1a: Chansey|76/100 slp","|cant|p1a: Chansey|slp","|","|-damage|p1a: Chansey|64/100 slp|[from] ability: Bad Dreams|[of] p2a: Darkrai","|upkeep","|turn|22","|choice|move seismictoss|move sludgebomb","|","|move|p2a: Darkrai|Sludge Bomb|p1a: Chansey","|-damage|p1a: Chansey|55/100 slp","|-curestatus|p1a: Chansey|slp|[msg]","|move|p1a: Chansey|Seismic Toss|p2a: Darkrai","|-damage|p2a: Darkrai|67/100","|","|-heal|p2a: Darkrai|73/100|[from] item: Leftovers","|upkeep","|turn|23","|choice|move seismictoss|move hypnosis","|","|move|p2a: Darkrai|Hypnosis|p1a: Chansey|[miss]","|-miss|p2a: Darkrai|p1a: Chansey","|move|p1a: Chansey|Seismic Toss|p2a: Darkrai","|-damage|p2a: Darkrai|39/100","|","|-heal|p2a: Darkrai|45/100|[from] item: Leftovers","|upkeep","|turn|24","|choice|move seismictoss|move hypnosis","|","|move|p2a: Darkrai|Hypnosis|p1a: Chansey","|-status|p1a: Chansey|slp","|cant|p1a: Chansey|slp","|","|-heal|p2a: Darkrai|51/100|[from] item: Leftovers","|-damage|p1a: Chansey|43/100 slp|[from] ability: Bad Dreams|[of] p2a: Darkrai","|upkeep","|turn|25","|choice|move seismictoss|move darkpulse","|","|move|p2a: Darkrai|Dark Pulse|p1a: Chansey","|-damage|p1a: Chansey|31/100 slp","|-curestatus|p1a: Chansey|slp|[msg]","|move|p1a: Chansey|Seismic Toss|p2a: Darkrai","|-damage|p2a: Darkrai|17/100","|","|-heal|p2a: Darkrai|23/100|[from] item: Leftovers","|upkeep","|turn|26","|choice|move seismictoss|move substitute","|","|move|p2a: Darkrai|Substitute|p2a: Darkrai","|-fail|p2a: Darkrai|move: Substitute|[weak]","|move|p1a: Chansey|Seismic Toss|p2a: Darkrai","|-damage|p2a: Darkrai|0 fnt","|faint|p2a: Darkrai","|","|win|Bowser20012"],"p1rating":1045,"p2rating":1000,"endType":"normal","timestamp":"Fri Apr 28 2017 20:42:33 GMT+0000 (UTC)","id":"battle-fakemonrandombattle-31297","format":"fakemonrandombattle"}