{"seed":[40439,29984,25037,42376,26607,492,40945,55978,44071,24791,3345,33567],"turns":18,"p1":"Psychocandy","p2":"RadVik","p1team":[{"name":"Lanturn","species":"Lanturn","moves":["hydropump","healbell","voltswitch","hiddenpowergrass"],"ability":"Water Absorb","evs":{"hp":85,"atk":0,"def":85,"spa":85,"spd":85,"spe":85},"ivs":{"hp":31,"atk":0,"def":31,"spa":30,"spd":31,"spe":31},"item":"Life Orb","level":81,"shiny":false,"hpType":"Grass"},{"name":"Zapdos","species":"Zapdos","moves":["hiddenpowerice","heatwave","defog","thunderbolt"],"ability":"Static","evs":{"hp":85,"atk":0,"def":85,"spa":85,"spd":85,"spe":85},"ivs":{"hp":31,"atk":0,"def":30,"spa":31,"spd":31,"spe":31},"item":"Life Orb","level":75,"shiny":false,"hpType":"Ice"},{"name":"Torterra","species":"Torterra","moves":["earthquake","rockpolish","stoneedge","synthesis"],"ability":"Overgrow","evs":{"hp":85,"atk":85,"def":85,"spa":85,"spd":85,"spe":85},"ivs":{"hp":31,"atk":31,"def":31,"spa":31,"spd":31,"spe":31},"item":"Leftovers","level":81,"shiny":false},{"name":"Phione","species":"Phione","moves":["rest","raindance","icebeam","scald"],"ability":"Hydration","evs":{"hp":85,"atk":0,"def":85,"spa":85,"spd":85,"spe":85},"ivs":{"hp":31,"atk":0,"def":31,"spa":31,"spd":31,"spe":31},"item":"Damp Rock","level":83,"shiny":false},{"name":"Emboar","species":"Emboar","moves":["flareblitz","stoneedge","grassknot","superpower"],"ability":"Reckless","evs":{"hp":85,"atk":85,"def":85,"spa":85,"spd":85,"spe":85},"ivs":{"hp":31,"atk":31,"def":31,"spa":31,"spd":31,"spe":31},"item":"Expert Belt","level":79,"shiny":false},{"name":"Wormadam","species":"Wormadam-Trash","moves":["stealthrock","toxic","gyroball","protect"],"ability":"Overcoat","evs":{"hp":85,"atk":85,"def":85,"spa":85,"spd":85,"spe":0},"ivs":{"hp":31,"atk":31,"def":31,"spa":31,"spd":31,"spe":0},"item":"Leftovers","level":83,"shiny":false}],"p2team":[{"name":"Tangrowth","species":"Tangrowth","moves":["rockslide","leafstorm","leechseed","knockoff"],"ability":"Regenerator","evs":{"hp":85,"atk":85,"def":85,"spa":85,"spd":85,"spe":85},"ivs":{"hp":31,"atk":31,"def":31,"spa":31,"spd":31,"spe":31},"item":"Life Orb","level":75,"shiny":false},{"name":"Bibarel","species":"Bibarel","moves":["return","curse","waterfall","quickattack"],"ability":"Simple","evs":{"hp":85,"atk":85,"def":85,"spa":85,"spd":85,"spe":85},"ivs":{"hp":31,"atk":31,"def":31,"spa":31,"spd":31,"spe":31},"item":"Life Orb","level":83,"shiny":false},{"name":"Scizor","species":"Scizor","moves":["batonpass","bulletpunch","swordsdance","roost"],"ability":"Technician","evs":{"hp":85,"atk":85,"def":85,"spa":85,"spd":85,"spe":85},"ivs":{"hp":31,"atk":31,"def":31,"spa":31,"spd":31,"spe":31},"item":"Scizorite","level":75,"shiny":false},{"name":"Lugia","species":"Lugia","moves":["toxic","aeroblast","dragontail","substitute"],"ability":"Multiscale","evs":{"hp":85,"atk":85,"def":85,"spa":85,"spd":85,"spe":85},"ivs":{"hp":31,"atk":31,"def":31,"spa":31,"spd":31,"spe":31},"item":"Leftovers","level":73,"shiny":false},{"name":"Deoxys","species":"Deoxys-Attack","moves":["knockoff","icebeam","extremespeed","psychoboost"],"ability":"Pressure","evs":{"hp":85,"atk":85,"def":85,"spa":85,"spd":85,"spe":85},"ivs":{"hp":31,"atk":31,"def":31,"spa":31,"spd":31,"spe":31},"item":"Life Orb","level":73,"shiny":false},{"name":"Mantine","species":"Mantine","moves":["sleeptalk","scald","airslash","rest"],"ability":"Water Absorb","evs":{"hp":85,"atk":0,"def":85,"spa":85,"spd":85,"spe":85},"ivs":{"hp":31,"atk":0,"def":31,"spa":31,"spd":31,"spe":31},"item":"Leftovers","level":81,"shiny":false}],"log":["|player|p1|Psychocandy|223","|player|p2|RadVik|213","|gametype|singles","|gen|6","|tier|[Gen 7] Random Camomons++","|rated","|seed|40439,29984,25037,42376,26607,492,40945,55978,44071,24791,3345,33567","|clearpoke","|poke|p1|Lanturn, L81, F|item","|poke|p1|Zapdos, L75|item","|poke|p1|Torterra, L81, F|item","|poke|p1|Phione, L83|item","|poke|p1|Emboar, L79, M|item","|poke|p1|Wormadam-Trash, L83, F|item","|poke|p2|Tangrowth, L75, M|item","|poke|p2|Bibarel, L83, F|item","|poke|p2|Scizor, L75, F|item","|poke|p2|Lugia, L73|item","|poke|p2|Deoxys-Attack, L73|item","|poke|p2|Mantine, L81, F|item","|rule|Sleep Clause Mod: Limit one foe put to sleep","|rule|HP Percentage Mod: HP is shown in percentages","|teampreview","|choice|team 2, team 1, team 3, team 4, team 5, team 6|team 5, team 2, team 3, team 4, team 1, team 6","|","|start","|switch|p1a: Zapdos|Zapdos, L75|100/100","|switch|p2a: Deoxys|Deoxys-Attack, L73|100/100","|-start|p2a: Deoxys|typechange|Dark/Ice/Normal/Psychic|[silent]","|-ability|p2a: Deoxys|Pressure","|-start|p1a: Zapdos|typechange|Normal/Fire/Flying/Electric|[silent]","|turn|1","|choice|move heatwave|switch 6","|","|switch|p2a: Mantine|Mantine, L81, F|100/100","|-start|p2a: Mantine|typechange|Normal/Water/Flying/Psychic|[silent]","|move|p1a: Zapdos|Heat Wave|p2a: Mantine","|-resisted|p2a: Mantine","|-damage|p2a: Mantine|79/100","|-damage|p1a: Zapdos|91/100|[from] item: Life Orb","|","|-heal|p2a: Mantine|85/100|[from] item: Leftovers","|upkeep","|turn|2","|choice|move thunderbolt|move scald","|","|move|p1a: Zapdos|Thunderbolt|p2a: Mantine","|-supereffective|p2a: Mantine","|-damage|p2a: Mantine|0 fnt","|-damage|p1a: Zapdos|81/100|[from] item: Life Orb","|faint|p2a: Mantine","|","|upkeep","|choice||switch 4","|","|switch|p2a: Lugia|Lugia, L73|100/100","|-start|p2a: Lugia|typechange|Poison/Flying/Dragon/Normal|[silent]","|turn|3","|choice|move thunderbolt|move toxic","|","|move|p2a: Lugia|Toxic|p1a: Zapdos","|-status|p1a: Zapdos|tox","|move|p1a: Zapdos|Thunderbolt|p2a: Lugia","|-damage|p2a: Lugia|84/100","|-damage|p1a: Zapdos|72/100 tox|[from] item: Life Orb","|","|-heal|p2a: Lugia|90/100|[from] item: Leftovers","|-damage|p1a: Zapdos|65/100 tox|[from] psn","|upkeep","|turn|4","|choice|switch 4|move substitute","|","|switch|p1a: Phione|Phione, L83|100/100","|-start|p1a: Phione|typechange|Psychic/Water/Ice|[silent]","|move|p2a: Lugia|Substitute|p2a: Lugia","|-start|p2a: Lugia|Substitute","|-damage|p2a: Lugia|66/100","|","|-heal|p2a: Lugia|72/100|[from] item: Leftovers","|upkeep","|turn|5","|choice|move icebeam|move toxic","|","|move|p2a: Lugia|Toxic|p1a: Phione","|-status|p1a: Phione|tox","|move|p1a: Phione|Ice Beam|p2a: Lugia","|-supereffective|p2a: Lugia","|-end|p2a: Lugia|Substitute","|","|-heal|p2a: Lugia|78/100|[from] item: Leftovers","|-damage|p1a: Phione|95/100 tox|[from] psn","|upkeep","|turn|6","|choice|move raindance|switch 3","|","|switch|p2a: Scizor|Scizor, L75, F|100/100","|-start|p2a: Scizor|typechange|Normal/Steel/Flying|[silent]","|move|p1a: Phione|Rain Dance|p1a: Phione","|-weather|RainDance","|","|-weather|RainDance|[upkeep]","|-activate|p1a: Phione|ability: Hydration","|-curestatus|p1a: Phione|tox|[msg]","|upkeep","|turn|7","|choice|switch 6|move batonpass","|","|switch|p1a: Wormadam|Wormadam-Trash, L83, F|100/100","|-start|p1a: Wormadam|typechange|Rock/Poison/Steel/Normal|[silent]","|move|p2a: Scizor|Baton Pass|p2a: Scizor","|choice||switch 2","|","|switch|p2a: Bibarel|Bibarel, L83, F|100/100","|-start|p2a: Bibarel|typechange|Normal/Ghost/Water|[silent]","|","|-weather|RainDance|[upkeep]","|upkeep","|turn|8","|choice|move stealthrock|move curse","|","|move|p2a: Bibarel|Curse|p1a: Wormadam","|-start|p1a: Wormadam|Curse|[of] p2a: Bibarel","|-damage|p2a: Bibarel|51/100","|move|p1a: Wormadam|Stealth Rock|p2a: Bibarel","|-sidestart|p2: RadVik|move: Stealth Rock","|","|-weather|RainDance|[upkeep]","|-damage|p1a: Wormadam|76/100|[from] Curse","|upkeep","|turn|9","|choice|move toxic|move waterfall","|","|move|p2a: Bibarel|Waterfall|p1a: Wormadam","|-supereffective|p1a: Wormadam","|-damage|p1a: Wormadam|0 fnt","|-damage|p2a: Bibarel|41/100|[from] item: Life Orb","|faint|p1a: Wormadam","|","|-weather|RainDance|[upkeep]","|upkeep","|choice|switch 2|","|","|switch|p1a: Lanturn|Lanturn, L81, F|100/100","|-start|p1a: Lanturn|typechange|Water/Normal/Electric|[silent]","|turn|10","|choice|move voltswitch|move return","|","|move|p2a: Bibarel|Return|p1a: Lanturn","|-damage|p1a: Lanturn|48/100","|-damage|p2a: Bibarel|31/100|[from] item: Life Orb","|move|p1a: Lanturn|Volt Switch|p2a: Bibarel","|-supereffective|p2a: Bibarel","|-damage|p2a: Bibarel|0 fnt","|-damage|p1a: Lanturn|38/100|[from] item: Life Orb","|faint|p2a: Bibarel","|choice|switch 5|","|","|switch|p1a: Emboar|Emboar, L79, M|100/100","|-start|p1a: Emboar|typechange|Fire/Rock/Grass/Fighting|[silent]","|","|-weather|RainDance|[upkeep]","|upkeep","|choice||switch 3","|","|switch|p2a: Lugia|Lugia, L73|78/100","|-damage|p2a: Lugia|53/100|[from] Stealth Rock","|-start|p2a: Lugia|typechange|Poison/Flying/Dragon/Normal|[silent]","|turn|11","|choice|move stoneedge|move aeroblast","|","|move|p2a: Lugia|Aeroblast|p1a: Emboar","|-supereffective|p1a: Emboar","|-damage|p1a: Emboar|33/100","|move|p1a: Emboar|Stone Edge|p2a: Lugia","|-supereffective|p2a: Lugia","|-damage|p2a: Lugia|0 fnt","|faint|p2a: Lugia","|","|-weather|RainDance|[upkeep]","|upkeep","|choice||switch 2","|","|switch|p2a: Scizor|Scizor, L75, F|100/100","|-start|p2a: Scizor|typechange|Normal/Steel/Flying|[silent]","|-damage|p2a: Scizor|88/100|[from] Stealth Rock","|turn|12","|choice|move flareblitz|move swordsdance mega","|","|detailschange|p2a: Scizor|Scizor-Mega, L75, F","|-mega|p2a: Scizor|Scizor|Scizorite","|move|p1a: Emboar|Flare Blitz|p2a: Scizor","|-supereffective|p2a: Scizor","|-damage|p2a: Scizor|25/100","|-damage|p1a: Emboar|17/100|[from] recoil|[of] p2a: Scizor","|move|p2a: Scizor|Swords Dance|p2a: Scizor","|-boost|p2a: Scizor|atk|2","|","|-weather|RainDance|[upkeep]","|upkeep","|turn|13","|choice|move flareblitz|move bulletpunch","|","|move|p2a: Scizor|Bullet Punch|p1a: Emboar","|-damage|p1a: Emboar|0 fnt","|faint|p1a: Emboar","|","|-weather|none","|upkeep","|choice|switch 5|","|","|switch|p1a: Lanturn|Lanturn, L81, F|38/100","|-start|p1a: Lanturn|typechange|Water/Normal/Electric|[silent]","|turn|14","|choice|move voltswitch|move roost","|","|move|p2a: Scizor|Roost|p2a: Scizor","|-heal|p2a: Scizor|75/100","|move|p1a: Lanturn|Volt Switch|p2a: Scizor","|-damage|p2a: Scizor|44/100","|-damage|p1a: Lanturn|29/100|[from] item: Life Orb","|choice|switch 4|","|","|switch|p1a: Zapdos|Zapdos, L75|65/100 tox","|-start|p1a: Zapdos|typechange|Normal/Fire/Flying/Electric|[silent]","|","|-damage|p1a: Zapdos|59/100 tox|[from] psn","|upkeep","|turn|15","|choice|move thunderbolt|move batonpass","|","|move|p1a: Zapdos|Thunderbolt|p2a: Scizor","|-supereffective|p2a: Scizor","|-damage|p2a: Scizor|0 fnt","|-damage|p1a: Zapdos|50/100 tox|[from] item: Life Orb","|faint|p2a: Scizor","|","|-damage|p1a: Zapdos|37/100 tox|[from] psn","|upkeep","|choice||switch 6","|","|switch|p2a: Deoxys|Deoxys-Attack, L73|100/100","|-start|p2a: Deoxys|typechange|Dark/Ice/Normal/Psychic|[silent]","|-damage|p2a: Deoxys|76/100|[from] Stealth Rock","|-ability|p2a: Deoxys|Pressure","|turn|16","|choice|move thunderbolt|move knockoff","|","|move|p2a: Deoxys|Knock Off|p1a: Zapdos","|-damage|p1a: Zapdos|0 fnt","|-enditem|p1a: Zapdos|Life Orb|[from] move: Knock Off|[of] p2a: Deoxys","|-damage|p2a: Deoxys|66/100|[from] item: Life Orb","|faint|p1a: Zapdos","|","|upkeep","|choice|switch 3|","|","|switch|p1a: Torterra|Torterra, L81, F|100/100","|-start|p1a: Torterra|typechange|Ground/Rock/Grass|[silent]","|turn|17","|choice|move earthquake|move icebeam","|","|move|p2a: Deoxys|Ice Beam|p1a: Torterra","|-supereffective|p1a: Torterra","|-damage|p1a: Torterra|0 fnt","|-damage|p2a: Deoxys|56/100|[from] item: Life Orb","|faint|p1a: Torterra","|","|upkeep","|choice|switch 6|","|","|switch|p1a: Phione|Phione, L83|95/100","|-start|p1a: Phione|typechange|Psychic/Water/Ice|[silent]","|turn|18","|choice|move scald|move knockoff","|","|move|p2a: Deoxys|Knock Off|p1a: Phione","|-supereffective|p1a: Phione","|-damage|p1a: Phione|0 fnt","|-enditem|p1a: Phione|Damp Rock|[from] move: Knock Off|[of] p2a: Deoxys","|-damage|p2a: Deoxys|46/100|[from] item: Life Orb","|faint|p1a: Phione","|","|upkeep","|","|win|RadVik"],"p1rating":1000,"p2rating":1045,"endType":"forfeit","timestamp":"Sat Apr 01 2017 05:59:41 GMT+0000 (UTC)","id":"battle-gen7randomcamomons-27605","format":"gen7randomcamomons"}