{"seed":[2210,9606,43852,53365],"turns":19,"p1":"LifeIsABlackHole","p2":"BatterBotto","p1team":[{"name":"Talonflame","species":"Talonflame","item":"","ability":"Gale Wings","moves":["acrobatics","flareblitz","swordsdance","roost"],"nature":"Jolly","evs":{"hp":0,"atk":252,"def":4,"spa":0,"spd":0,"spe":252},"ivs":{"hp":31,"atk":31,"def":31,"spa":31,"spd":31,"spe":31}},{"name":"Togekiss","species":"Togekiss","item":"leftovers","ability":"Serene Grace","moves":["nastyplot","airslash","healbell","roost"],"nature":"Timid","evs":{"hp":252,"atk":0,"def":80,"spa":0,"spd":0,"spe":176},"ivs":{"hp":31,"atk":31,"def":31,"spa":31,"spd":31,"spe":31}},{"name":"Landorus","species":"Landorus-Therian","item":"rockyhelmet","ability":"Intimidate","moves":["earthquake","uturn","stoneedge","stealthrock"],"nature":"Impish","evs":{"hp":252,"atk":0,"def":240,"spa":0,"spd":8,"spe":8},"ivs":{"hp":31,"atk":31,"def":31,"spa":31,"spd":31,"spe":31}},{"name":"Latias","species":"Latias","item":"lifeorb","ability":"Levitate","moves":["dracometeor","psyshock","healingwish","defog"],"nature":"Timid","evs":{"hp":72,"atk":0,"def":0,"spa":184,"spd":0,"spe":252},"ivs":{"hp":31,"atk":31,"def":31,"spa":31,"spd":31,"spe":31}},{"name":"Charizard","species":"Charizard","item":"charizarditex","ability":"Solar Power","moves":["dragondance","roost","firepunch","dragonclaw"],"nature":"Adamant","evs":{"hp":0,"atk":252,"def":0,"spa":0,"spd":4,"spe":252},"shiny":true,"ivs":{"hp":31,"atk":31,"def":31,"spa":31,"spd":31,"spe":31}},{"name":"Serperior","species":"Serperior","item":"leftovers","ability":"Contrary","moves":["leafstorm","dragonpulse","hiddenpowerfire","glare"],"nature":"Timid","evs":{"hp":0,"atk":0,"def":0,"spa":252,"spd":4,"spe":252},"ivs":{"hp":31,"atk":0,"def":31,"spa":30,"spd":31,"spe":30}}],"p2team":[{"name":"U.N. Oven Was Her","species":"rotomheat","item":"leftovers","ability":"Levitate","moves":["overheat","voltswitch","painsplit","thunderwave"],"nature":"Bold","evs":{"hp":248,"atk":0,"def":216,"spa":0,"spd":0,"spe":44},"ivs":{"hp":31,"atk":0,"def":31,"spa":31,"spd":31,"spe":31}},{"name":"D'Artagnan","species":"keldeoresolute","item":"choicespecs","ability":"Justified","moves":["hydropump","secretsword","scald","icywind"],"nature":"Timid","evs":{"hp":0,"atk":0,"def":0,"spa":252,"spd":4,"spe":252},"ivs":{"hp":31,"atk":0,"def":31,"spa":31,"spd":31,"spe":31}},{"name":"Diglett Sr.","species":"excadrill","item":"lifeorb","ability":"Sand Rush","moves":["earthquake","ironhead","rockslide","rapidspin"],"nature":"Adamant","evs":{"hp":0,"atk":252,"def":4,"spa":0,"spd":0,"spe":252},"gender":"M","ivs":{"hp":31,"atk":31,"def":31,"spa":31,"spd":31,"spe":31}},{"name":"Armor","species":"tyranitar","item":"smoothrock","ability":"Sand Stream","moves":["rockslide","icebeam","stealthrock","pursuit"],"nature":"Sassy","evs":{"hp":252,"atk":0,"def":0,"spa":4,"spd":252,"spe":0},"gender":"M","ivs":{"hp":31,"atk":31,"def":31,"spa":31,"spd":31,"spe":31}},{"name":"SNEK STAHP","species":"serperior","item":"expertbelt","ability":"Contrary","moves":["leafstorm","hiddenpowerfire","dragonpulse","knockoff"],"nature":"Timid","evs":{"hp":0,"atk":0,"def":0,"spa":252,"spd":4,"spe":252},"gender":"F","ivs":{"hp":31,"atk":30,"def":31,"spa":30,"spd":31,"spe":30}},{"name":"Waifumon","species":"gardevoir","item":"gardevoirite","ability":"Trace","moves":["hypervoice","psyshock","taunt","healingwish"],"nature":"Timid","evs":{"hp":16,"atk":0,"def":8,"spa":232,"spd":0,"spe":252},"gender":"F","ivs":{"hp":31,"atk":0,"def":31,"spa":31,"spd":31,"spe":31}}],"log":["|player|p1|LifeIsABlackHole|xprienzo.gif","|player|p2|BatterBotto|batterbotto.png","|gametype|singles","|gen|6","|tier|OU","|rated","|seed|2210,9606,43852,53365","|clearpoke","|poke|p1|Talonflame, M|","|poke|p1|Togekiss, M|item","|poke|p1|Landorus-Therian, M|item","|poke|p1|Latias, F|item","|poke|p1|Charizard, F, shiny|item","|poke|p1|Serperior, F|item","|poke|p2|Rotom-Heat|item","|poke|p2|Keldeo-Resolute|item","|poke|p2|Excadrill, M|item","|poke|p2|Tyranitar, M|item","|poke|p2|Serperior, F|item","|poke|p2|Gardevoir, F|item","|rule|Swagger Clause: Swagger is banned","|rule|Baton Pass Clause: Limit one Baton Passer, can't pass Spe and other stats simultaneously","|rule|Sleep Clause Mod: Limit one foe put to sleep","|rule|Species Clause: Limit one of each Pokémon","|rule|OHKO Clause: OHKO moves are banned","|rule|Moody Clause: Moody is banned","|rule|Evasion Moves Clause: Evasion moves are banned","|rule|Endless Battle Clause: Forcing endless battles is banned","|rule|HP Percentage Mod: HP is shown in percentages","|teampreview","|choice|team 3, team 2, team 1, team 4, team 5, team 6|team 1, team 2, team 3, team 4, team 5, team 6","|","|start","|switch|p1a: Landorus|Landorus-Therian, M|382/382","|switch|p2a: U.N. Oven Was Her|Rotom-Heat|303/303","|-ability|p1a: Landorus|Intimidate|boost","|-unboost|p2a: U.N. Oven Was Her|atk|1","|turn|1","|choice|move stealthrock|move overheat 1","|","|move|p1a: Landorus|Stealth Rock|p2a: U.N. Oven Was Her","|-sidestart|p2: BatterBotto|move: Stealth Rock","|move|p2a: U.N. Oven Was Her|Overheat|p1a: Landorus","|-damage|p1a: Landorus|180/382","|-unboost|p2a: U.N. Oven Was Her|spa|2","|","|turn|2","|choice|move stoneedge|move overheat 1","|","|move|p1a: Landorus|Stone Edge|p2a: U.N. Oven Was Her","|-supereffective|p2a: U.N. Oven Was Her","|-damage|p2a: U.N. Oven Was Her|139/303","|move|p2a: U.N. Oven Was Her|Overheat|p1a: Landorus","|-damage|p1a: Landorus|84/382","|-unboost|p2a: U.N. Oven Was Her|spa|2","|","|-heal|p2a: U.N. Oven Was Her|157/303|[from] item: Leftovers","|turn|3","|choice|move stoneedge|move overheat 1","|","|move|p1a: Landorus|Stone Edge|p2a: U.N. Oven Was Her|[miss]","|-miss|p1a: Landorus|p2a: U.N. Oven Was Her","|move|p2a: U.N. Oven Was Her|Overheat|p1a: Landorus","|-damage|p1a: Landorus|20/382","|-unboost|p2a: U.N. Oven Was Her|spa|2","|","|-heal|p2a: U.N. Oven Was Her|175/303|[from] item: Leftovers","|turn|4","|choice|move stoneedge|move overheat 1","|","|move|p1a: Landorus|Stone Edge|p2a: U.N. Oven Was Her","|-supereffective|p2a: U.N. Oven Was Her","|-damage|p2a: U.N. Oven Was Her|25/303","|move|p2a: U.N. Oven Was Her|Overheat|p1a: Landorus","|-damage|p1a: Landorus|0 fnt","|faint|p1a: Landorus","|","|-heal|p2a: U.N. Oven Was Her|43/303|[from] item: Leftovers","|choice|switch 6|","|","|switch|p1a: Serperior|Serperior, F|291/291","|turn|5","|choice|move leafstorm|move voltswitch 1","|","|move|p1a: Serperior|Leaf Storm|p2a: U.N. Oven Was Her","|-resisted|p2a: U.N. Oven Was Her","|-damage|p2a: U.N. Oven Was Her|0 fnt","|-boost|p1a: Serperior|spa|2","|faint|p2a: U.N. Oven Was Her","|","|choice||switch 5","|","|switch|p2a: SNEK STAHP|Serperior, F|291/291","|-damage|p2a: SNEK STAHP|255/291|[from] Stealth Rock","|turn|6","|choice|move glare|move hiddenpower 1","|","|move|p2a: SNEK STAHP|Hidden Power|p1a: Serperior","|-supereffective|p1a: Serperior","|-damage|p1a: Serperior|169/291","|move|p1a: Serperior|Glare|p2a: SNEK STAHP","|-status|p2a: SNEK STAHP|par","|","|-heal|p1a: Serperior|187/291|[from] item: Leftovers","|turn|7","|choice|move hiddenpower|move hiddenpower 1","|","|move|p1a: Serperior|Hidden Power|p2a: SNEK STAHP","|-supereffective|p2a: SNEK STAHP","|-crit|p2a: SNEK STAHP","|-damage|p2a: SNEK STAHP|0 fnt","|faint|p2a: SNEK STAHP","|","|-heal|p1a: Serperior|205/291|[from] item: Leftovers","|choice||switch 3","|","|switch|p2a: Diglett Sr.|Excadrill, M|361/361","|-damage|p2a: Diglett Sr.|350/361|[from] Stealth Rock","|turn|8","|choice|move leafstorm|move ironhead 1","|","|move|p1a: Serperior|Leaf Storm|p2a: Diglett Sr.","|-damage|p2a: Diglett Sr.|0 fnt","|-boost|p1a: Serperior|spa|2","|faint|p2a: Diglett Sr.","|","|-heal|p1a: Serperior|223/291|[from] item: Leftovers","|choice||switch 6","|","|switch|p2a: Waifumon|Gardevoir, F|281/281","|-damage|p2a: Waifumon|246/281|[from] Stealth Rock","|-ability|p2a: Waifumon|Contrary|[from] ability: Trace|[of] p1a: Serperior","|turn|9","|choice|move leafstorm|move hypervoice mega","|","|detailschange|p2a: Waifumon|Gardevoir-Mega, F","|-mega|p2a: Waifumon|Gardevoir|Gardevoirite","|move|p1a: Serperior|Leaf Storm|p2a: Waifumon|[miss]","|-miss|p1a: Serperior|p2a: Waifumon","|move|p2a: Waifumon|Hyper Voice|p1a: Serperior","|-damage|p1a: Serperior|0 fnt","|faint|p1a: Serperior","|","|choice|switch 3|","|","|switch|p1a: Talonflame|Talonflame, M|297/297","|turn|10","|choice|move swordsdance|move psyshock 1","|","|move|p1a: Talonflame|Swords Dance|p1a: Talonflame","|-boost|p1a: Talonflame|atk|2","|move|p2a: Waifumon|Psyshock|p1a: Talonflame","|-damage|p1a: Talonflame|90/297","|","|turn|11","|choice|move acrobatics|move hypervoice","|","|move|p1a: Talonflame|Acrobatics|p2a: Waifumon","|-damage|p2a: Waifumon|0 fnt","|faint|p2a: Waifumon","|","|choice||switch 4","|","|switch|p2a: Armor|Tyranitar, M|404/404","|-damage|p2a: Armor|354/404|[from] Stealth Rock","|-weather|Sandstorm|[from] ability: Sand Stream|[of] p2a: Armor","|turn|12","|choice|move flareblitz|move rockslide","|","|move|p1a: Talonflame|Flare Blitz|p2a: Armor","|-resisted|p2a: Armor","|-damage|p2a: Armor|215/404","|-damage|p1a: Talonflame|44/297|[from] recoil|[of] p2a: Armor","|move|p2a: Armor|Rock Slide|p1a: Talonflame","|-supereffective|p1a: Talonflame","|-damage|p1a: Talonflame|0 fnt","|faint|p1a: Talonflame","|","|-weather|Sandstorm|[upkeep]","|choice|switch 2|","|","|switch|p1a: Togekiss|Togekiss, M|374/374","|turn|13","|choice|move nastyplot|move rockslide","|","|move|p1a: Togekiss|Nasty Plot|p1a: Togekiss","|-boost|p1a: Togekiss|spa|2","|move|p2a: Armor|Rock Slide|p1a: Togekiss","|-supereffective|p1a: Togekiss","|-damage|p1a: Togekiss|138/374","|","|-weather|Sandstorm|[upkeep]","|-damage|p1a: Togekiss|115/374|[from] sandstorm","|-heal|p1a: Togekiss|138/374|[from] item: Leftovers","|turn|14","|choice|move airslash|move rockslide","|","|move|p1a: Togekiss|Air Slash|p2a: Armor","|-resisted|p2a: Armor","|-damage|p2a: Armor|163/404","|move|p2a: Armor|Rock Slide|p1a: Togekiss","|-supereffective|p1a: Togekiss","|-crit|p1a: Togekiss","|-damage|p1a: Togekiss|0 fnt","|faint|p1a: Togekiss","|","|-weather|Sandstorm|[upkeep]","|choice|switch 4|","|","|switch|p1a: Latias|Latias, F|319/319","|turn|15","|choice|move dracometeor|move pursuit 1","|","|move|p1a: Latias|Draco Meteor|p2a: Armor","|-damage|p2a: Armor|37/404","|-unboost|p1a: Latias|spa|2","|-damage|p1a: Latias|288/319|[from] item: Life Orb","|move|p2a: Armor|Pursuit|p1a: Latias","|-supereffective|p1a: Latias","|-damage|p1a: Latias|148/319","|","|-weather|Sandstorm|[upkeep]","|-damage|p1a: Latias|129/319|[from] sandstorm","|turn|16","|choice|move dracometeor|move pursuit 1","|","|move|p1a: Latias|Draco Meteor|p2a: Armor","|-damage|p2a: Armor|0 fnt","|-unboost|p1a: Latias|spa|2","|-damage|p1a: Latias|98/319|[from] item: Life Orb","|faint|p2a: Armor","|","|-weather|Sandstorm|[upkeep]","|-damage|p1a: Latias|79/319|[from] sandstorm","|choice||switch 2","|","|switch|p2a: D'Artagnan|Keldeo-Resolute|323/323","|-damage|p2a: D'Artagnan|303/323|[from] Stealth Rock","|turn|17","|choice|move psyshock|move icywind","|","|move|p1a: Latias|Psyshock|p2a: D'Artagnan","|-supereffective|p2a: D'Artagnan","|-damage|p2a: D'Artagnan|178/323","|-damage|p1a: Latias|48/319|[from] item: Life Orb","|move|p2a: D'Artagnan|Icy Wind|p1a: Latias","|-supereffective|p1a: Latias","|-damage|p1a: Latias|0 fnt","|faint|p1a: Latias","|","|-weather|Sandstorm|[upkeep]","|-damage|p2a: D'Artagnan|158/323|[from] sandstorm","|choice|switch 5|","|","|switch|p1a: Charizard|Charizard, F, shiny|297/297","|turn|18","|choice|move dragondance mega|move icywind","|","|detailschange|p1a: Charizard|Charizard-Mega-X, F, shiny","|-mega|p1a: Charizard|Charizard|Charizardite X","|move|p2a: D'Artagnan|Icy Wind|p1a: Charizard","|-damage|p1a: Charizard|192/297","|-unboost|p1a: Charizard|spe|1","|move|p1a: Charizard|Dragon Dance|p1a: Charizard","|-boost|p1a: Charizard|atk|1","|-boost|p1a: Charizard|spe|1","|","|-weather|Sandstorm|[upkeep]","|-damage|p2a: D'Artagnan|138/323|[from] sandstorm","|-damage|p1a: Charizard|174/297|[from] sandstorm","|turn|19","|choice|move dragonclaw|move icywind","|","|move|p2a: D'Artagnan|Icy Wind|p1a: Charizard","|-damage|p1a: Charizard|58/297","|-unboost|p1a: Charizard|spe|1","|move|p1a: Charizard|Dragon Claw|p2a: D'Artagnan","|-crit|p2a: D'Artagnan","|-damage|p2a: D'Artagnan|0 fnt","|faint|p2a: D'Artagnan","|","|win|LifeIsABlackHole"],"p1rating":1069.0315689398037,"p2rating":1168.6418515710375,"endType":"normal"}