{"seed":[38969,57617,58447,21370,22044,56977,60269,43951,30210,51701,23756,17055],"turns":21,"p1":"MR.Trex","p2":"rojo 123456789","p1team":[{"name":"Ariados","species":"Ariados","moves":["suckerpunch","toxicspikes","megahorn","poisonjab"],"ability":"Swarm","evs":{"hp":81,"atk":85,"def":85,"spa":85,"spd":85,"spe":85},"ivs":{"hp":31,"atk":31,"def":31,"spa":31,"spd":31,"spe":31},"item":"Life Orb","level":79,"shiny":false},{"name":"Zebstrika","species":"Zebstrika","moves":["hiddenpowergrass","wildcharge","overheat","voltswitch"],"ability":"Sap Sipper","evs":{"hp":85,"atk":85,"def":85,"spa":85,"spd":85,"spe":85},"ivs":{"hp":31,"atk":31,"def":31,"spa":31,"spd":31,"spe":31},"item":"Expert Belt","level":79,"shiny":false,"hpType":"Grass"},{"name":"Kyogre","species":"Kyogre","moves":["thunder","waterspout","scald","icebeam"],"ability":"Drizzle","evs":{"hp":85,"atk":0,"def":85,"spa":85,"spd":85,"spe":85},"ivs":{"hp":31,"atk":0,"def":31,"spa":31,"spd":31,"spe":31},"item":"Choice Specs","level":73,"shiny":false},{"name":"Azelf","species":"Azelf","moves":["psyshock","nastyplot","dazzlinggleam","taunt"],"ability":"Levitate","evs":{"hp":85,"atk":0,"def":85,"spa":85,"spd":85,"spe":85},"ivs":{"hp":31,"atk":0,"def":31,"spa":31,"spd":31,"spe":31},"item":"Leftovers","level":77,"shiny":false},{"name":"Arceus","species":"Arceus-Fire","moves":["grassknot","icebeam","calmmind","judgment"],"ability":"Multitype","evs":{"hp":81,"atk":0,"def":85,"spa":85,"spd":85,"spe":85},"ivs":{"hp":31,"atk":0,"def":31,"spa":31,"spd":31,"spe":31},"item":"Flame Plate","level":73,"shiny":false},{"name":"Beartic","species":"Beartic","moves":["aquajet","iciclecrash","swordsdance","superpower"],"ability":"Slush Rush","evs":{"hp":81,"atk":85,"def":85,"spa":85,"spd":85,"spe":85},"ivs":{"hp":31,"atk":31,"def":31,"spa":31,"spd":31,"spe":31},"item":"Life Orb","level":79,"shiny":false}],"p2team":[{"name":"Seaking","species":"Seaking","moves":["icebeam","scald","drillrun","megahorn"],"ability":"Lightning Rod","evs":{"hp":85,"atk":85,"def":85,"spa":85,"spd":85,"spe":85},"ivs":{"hp":31,"atk":31,"def":31,"spa":31,"spd":31,"spe":31},"item":"Expert Belt","level":79,"shiny":false},{"name":"Xurkitree","species":"Xurkitree","moves":["dazzlinggleam","thunderbolt","energyball","voltswitch"],"ability":"Beast Boost","evs":{"hp":85,"atk":0,"def":85,"spa":85,"spd":85,"spe":85},"ivs":{"hp":31,"atk":0,"def":31,"spa":31,"spd":31,"spe":31},"item":"Choice Scarf","level":75,"shiny":false},{"name":"Dugtrio","species":"Dugtrio-Alola","moves":["substitute","suckerpunch","ironhead","earthquake"],"ability":"Tangling Hair","evs":{"hp":85,"atk":85,"def":85,"spa":85,"spd":85,"spe":85},"ivs":{"hp":31,"atk":31,"def":31,"spa":31,"spd":31,"spe":31},"item":"Leftovers","level":79,"shiny":false},{"name":"Cacturne","species":"Cacturne","moves":["swordsdance","spikes","seedbomb","drainpunch"],"ability":"Water Absorb","evs":{"hp":85,"atk":85,"def":85,"spa":85,"spd":85,"spe":85},"ivs":{"hp":31,"atk":31,"def":31,"spa":31,"spd":31,"spe":31},"item":"Leftovers","level":79,"shiny":false},{"name":"Granbull","species":"Granbull","moves":["earthquake","thunderwave","healbell","playrough"],"ability":"Intimidate","evs":{"hp":85,"atk":85,"def":85,"spa":85,"spd":85,"spe":85},"ivs":{"hp":31,"atk":31,"def":31,"spa":31,"spd":31,"spe":31},"item":"Leftovers","level":79,"shiny":true},{"name":"Lycanroc","species":"Lycanroc-Midnight","moves":["bulkup","suckerpunch","firefang","stoneedge"],"ability":"No Guard","evs":{"hp":85,"atk":85,"def":85,"spa":85,"spd":85,"spe":85},"ivs":{"hp":31,"atk":31,"def":31,"spa":31,"spd":31,"spe":31},"item":"Life Orb","level":79,"shiny":false}],"log":["|player|p1|MR.Trex|124","|player|p2|rojo 123456789|162","|raw|<div class=\"infobox\">Randomized teams of level-balanced Pok&eacute;mon with sets that are generated to be competitively viable.</div>","|gametype|singles","|gen|7","|tier|[Gen 7] Random Battle","|rated","|seed|38969,57617,58447,21370,22044,56977,60269,43951,30210,51701,23756,17055","|rule|Sleep Clause Mod: Limit one foe put to sleep","|rule|HP Percentage Mod: HP is shown in percentages","|","|start","|switch|p1a: Ariados|Ariados, L79, M|100/100","|switch|p2a: Seaking|Seaking, L79, M|100/100","|turn|1","|choice|move poisonjab|move icebeam","|","|move|p2a: Seaking|Ice Beam|p1a: Ariados","|-damage|p1a: Ariados|77/100","|move|p1a: Ariados|Poison Jab|p2a: Seaking","|-damage|p2a: Seaking|53/100","|-damage|p1a: Ariados|67/100|[from] item: Life Orb","|","|upkeep","|turn|2","|choice|move megahorn|move drillrun","|","|move|p2a: Seaking|Drill Run|p1a: Ariados","|-damage|p1a: Ariados|44/100","|move|p1a: Ariados|Megahorn|p2a: Seaking|[miss]","|-miss|p1a: Ariados|p2a: Seaking","|","|upkeep","|turn|3","|choice|move suckerpunch|move icebeam","|","|move|p1a: Ariados|Sucker Punch|p2a: Seaking","|-damage|p2a: Seaking|25/100","|-damage|p1a: Ariados|34/100|[from] item: Life Orb","|move|p2a: Seaking|Ice Beam|p1a: Ariados","|-damage|p1a: Ariados|11/100","|","|upkeep","|turn|4","|choice|move suckerpunch|move drillrun","|","|move|p1a: Ariados|Sucker Punch|p2a: Seaking","|-damage|p2a: Seaking|0 fnt","|-damage|p1a: Ariados|1/100|[from] item: Life Orb","|faint|p2a: Seaking","|","|upkeep","|choice||switch 3","|","|switch|p2a: Dugtrio|Dugtrio-Alola, L79, F|100/100","|turn|5","|choice|move suckerpunch|move ironhead","|","|move|p1a: Ariados|Sucker Punch|p2a: Dugtrio","|-damage|p2a: Dugtrio|58/100","|-ability|p2a: Dugtrio|Tangling Hair","|-unboost|p1a: Ariados|spe|1","|-damage|p1a: Ariados|0 fnt|[from] item: Life Orb","|faint|p1a: Ariados","|move|p2a: Dugtrio|Iron Head|p1: Ariados|[notarget]","|-notarget","|","|-heal|p2a: Dugtrio|64/100|[from] item: Leftovers","|upkeep","|choice|switch 3|","|","|switch|p1a: Kyogre|Kyogre, L73|100/100","|-weather|RainDance|[from] ability: Drizzle|[of] p1a: Kyogre","|turn|6","|choice|move scald|move ironhead","|","|move|p2a: Dugtrio|Iron Head|p1a: Kyogre","|-resisted|p1a: Kyogre","|-damage|p1a: Kyogre|84/100","|cant|p1a: Kyogre|flinch","|","|-weather|RainDance|[upkeep]","|-heal|p2a: Dugtrio|70/100|[from] item: Leftovers","|upkeep","|turn|7","|choice|move scald|move suckerpunch","|","|move|p2a: Dugtrio|Sucker Punch|p1a: Kyogre","|-damage|p1a: Kyogre|66/100","|move|p1a: Kyogre|Scald|p2a: Dugtrio","|-supereffective|p2a: Dugtrio","|-damage|p2a: Dugtrio|0 fnt","|faint|p2a: Dugtrio","|","|-weather|RainDance|[upkeep]","|upkeep","|choice||switch 2","|","|switch|p2a: Xurkitree|Xurkitree, L75|100/100","|turn|8","|choice|move scald|move voltswitch","|","|move|p2a: Xurkitree|Volt Switch|p1a: Kyogre","|-supereffective|p1a: Kyogre","|-crit|p1a: Kyogre","|-damage|p1a: Kyogre|0 fnt","|faint|p1a: Kyogre","|-ability|p2a: Xurkitree|Beast Boost|boost","|-boost|p2a: Xurkitree|spa|1","|choice||switch 6","|","|switch|p2a: Lycanroc|Lycanroc-Midnight, L79, F|100/100","|","|-weather|RainDance|[upkeep]","|upkeep","|choice|switch 5|","|","|switch|p1a: Arceus|Arceus-Fire, L73|100/100","|turn|9","|choice|move grassknot|move suckerpunch","|","|move|p2a: Lycanroc|Sucker Punch|p1a: Arceus","|-damage|p1a: Arceus|82/100","|-damage|p2a: Lycanroc|91/100|[from] item: Life Orb","|move|p1a: Arceus|Grass Knot|p2a: Lycanroc","|-supereffective|p2a: Lycanroc","|-damage|p2a: Lycanroc|56/100","|","|-weather|RainDance|[upkeep]","|upkeep","|turn|10","|choice|move judgment|move stoneedge","|","|move|p1a: Arceus|Judgment|p2a: Lycanroc","|-resisted|p2a: Lycanroc","|-damage|p2a: Lycanroc|43/100","|move|p2a: Lycanroc|Stone Edge|p1a: Arceus","|-supereffective|p1a: Arceus","|-damage|p1a: Arceus|0 fnt","|-damage|p2a: Lycanroc|33/100|[from] item: Life Orb","|faint|p1a: Arceus","|","|-weather|none","|upkeep","|choice|switch 2|","|","|switch|p1a: Zebstrika|Zebstrika, L79, M|100/100","|turn|11","|choice|move hiddenpower|move firefang","|","|move|p1a: Zebstrika|Hidden Power|p2a: Lycanroc","|-supereffective|p2a: Lycanroc","|-damage|p2a: Lycanroc|0 fnt","|faint|p2a: Lycanroc","|","|upkeep","|choice||switch 5","|","|switch|p2a: Granbull|Granbull, L79, M, shiny|100/100","|-ability|p2a: Granbull|Intimidate|boost","|-unboost|p1a: Zebstrika|atk|1","|turn|12","|choice|move voltswitch|move playrough","|","|move|p1a: Zebstrika|Volt Switch|p2a: Granbull","|-damage|p2a: Granbull|73/100","|choice|switch 4|","|","|switch|p1a: Azelf|Azelf, L77|100/100","|move|p2a: Granbull|Play Rough|p1a: Azelf","|-damage|p1a: Azelf|48/100","|","|-heal|p1a: Azelf|55/100|[from] item: Leftovers","|-heal|p2a: Granbull|79/100|[from] item: Leftovers","|upkeep","|turn|13","|choice|move psyshock|move healbell","|","|move|p1a: Azelf|Psyshock|p2a: Granbull","|-damage|p2a: Granbull|41/100","|move|p2a: Granbull|Heal Bell|p2a: Granbull","|-activate|p2a: Granbull|move: Heal Bell","|","|-heal|p1a: Azelf|61/100|[from] item: Leftovers","|-heal|p2a: Granbull|48/100|[from] item: Leftovers","|upkeep","|turn|14","|choice|move psyshock|move earthquake","|","|move|p1a: Azelf|Psyshock|p2a: Granbull","|-damage|p2a: Granbull|7/100","|move|p2a: Granbull|Earthquake|p1a: Azelf","|-immune|p1a: Azelf|[msg]|[from] ability: Levitate","|","|-heal|p1a: Azelf|67/100|[from] item: Leftovers","|-heal|p2a: Granbull|14/100|[from] item: Leftovers","|upkeep","|turn|15","|choice|move psyshock|move thunderwave","|","|move|p1a: Azelf|Psyshock|p2a: Granbull","|-damage|p2a: Granbull|0 fnt","|faint|p2a: Granbull","|","|-heal|p1a: Azelf|73/100|[from] item: Leftovers","|upkeep","|choice||switch 4","|","|switch|p2a: Cacturne|Cacturne, L79, M|100/100","|turn|16","|choice|move dazzlinggleam|move drainpunch","|","|move|p1a: Azelf|Dazzling Gleam|p2a: Cacturne","|-supereffective|p2a: Cacturne","|-damage|p2a: Cacturne|39/100","|move|p2a: Cacturne|Drain Punch|p1a: Azelf","|-resisted|p1a: Azelf","|-crit|p1a: Azelf","|-damage|p1a: Azelf|53/100","|-heal|p2a: Cacturne|49/100|[from] drain|[of] p1a: Azelf","|","|-heal|p1a: Azelf|60/100|[from] item: Leftovers","|-heal|p2a: Cacturne|55/100|[from] item: Leftovers","|upkeep","|turn|17","|choice|move dazzlinggleam|move drainpunch","|","|move|p1a: Azelf|Dazzling Gleam|p2a: Cacturne","|-supereffective|p2a: Cacturne","|-damage|p2a: Cacturne|0 fnt","|faint|p2a: Cacturne","|","|-heal|p1a: Azelf|66/100|[from] item: Leftovers","|upkeep","|choice||switch 6","|","|switch|p2a: Xurkitree|Xurkitree, L75|100/100","|turn|18","|choice|move psyshock|move energyball","|","|move|p2a: Xurkitree|Energy Ball|p1a: Azelf","|-crit|p1a: Azelf","|-damage|p1a: Azelf|0 fnt","|faint|p1a: Azelf","|-ability|p2a: Xurkitree|Beast Boost|boost","|-boost|p2a: Xurkitree|spa|1","|","|upkeep","|choice|switch 6|","|","|switch|p1a: Beartic|Beartic, L79, F|100/100","|turn|19","|choice|move iciclecrash|move energyball","|","|move|p2a: Xurkitree|Energy Ball|p1a: Beartic","|-damage|p1a: Beartic|45/100","|move|p1a: Beartic|Icicle Crash|p2a: Xurkitree","|-damage|p2a: Xurkitree|33/100","|-damage|p1a: Beartic|36/100|[from] item: Life Orb","|","|upkeep","|turn|20","|choice|move aquajet|move energyball","|","|move|p1a: Beartic|Aqua Jet|p2a: Xurkitree","|-damage|p2a: Xurkitree|10/100","|-damage|p1a: Beartic|26/100|[from] item: Life Orb","|move|p2a: Xurkitree|Energy Ball|p1a: Beartic","|-damage|p1a: Beartic|0 fnt","|faint|p1a: Beartic","|-ability|p2a: Xurkitree|Beast Boost|boost","|-boost|p2a: Xurkitree|spa|1","|","|upkeep","|choice|switch 4|","|","|switch|p1a: Zebstrika|Zebstrika, L79, M|100/100","|turn|21","|choice|move overheat|move energyball","|","|move|p2a: Xurkitree|Energy Ball|p1a: Zebstrika","|-ability|p1a: Zebstrika|Sap Sipper|boost","|-boost|p1a: Zebstrika|atk|1","|move|p1a: Zebstrika|Overheat|p2a: Xurkitree","|-damage|p2a: Xurkitree|0 fnt","|-unboost|p1a: Zebstrika|spa|2","|faint|p2a: Xurkitree","|","|win|MR.Trex"],"p1rating":1045,"p2rating":1000,"endType":"normal","timestamp":"Thu Mar 09 2017 00:25:05 GMT+0000 (UTC)","id":"battle-gen7randombattle-23431","format":"gen7randombattle"}