{"seed":[16463,46552,16655,8389,893,37606,42783,30724,17517,35239,33945,5153],"turns":21,"p1":"Mr. McMeme","p2":"Cheese555","p1team":[{"name":"Torkoal","species":"Torkoal","moves":["yawn","stealthrock","shellsmash","solarbeam"],"ability":"Drought","evs":{"hp":85,"atk":0,"def":85,"spa":85,"spd":85,"spe":85},"ivs":{"hp":31,"atk":0,"def":31,"spa":31,"spd":31,"spe":31},"item":"White Herb","level":79,"shiny":false},{"name":"Sandslash","species":"Sandslash-Alola","moves":["iciclecrash","ironhead","substitute","swordsdance"],"ability":"Slush Rush","evs":{"hp":85,"atk":85,"def":85,"spa":85,"spd":85,"spe":85},"ivs":{"hp":31,"atk":31,"def":31,"spa":31,"spd":31,"spe":31},"item":"Leftovers","level":79,"shiny":false},{"name":"Wormadam","species":"Wormadam-Sandy","moves":["protect","toxic","rockblast","earthquake"],"ability":"Overcoat","evs":{"hp":85,"atk":85,"def":85,"spa":85,"spd":85,"spe":85},"ivs":{"hp":31,"atk":31,"def":31,"spa":31,"spd":31,"spe":31},"item":"Leftovers","level":79,"shiny":false},{"name":"Unown","species":"Unown","moves":["hiddenpowerpsychic"],"ability":"Levitate","evs":{"hp":85,"atk":0,"def":85,"spa":85,"spd":85,"spe":85},"ivs":{"hp":31,"atk":0,"def":31,"spa":31,"spd":31,"spe":31},"item":"Choice Specs","level":100,"shiny":false,"hpType":"Psychic"},{"name":"Bellossom","species":"Bellossom","moves":["hiddenpowerfire","moonblast","gigadrain","quiverdance"],"ability":"Chlorophyll","evs":{"hp":85,"atk":0,"def":85,"spa":85,"spd":85,"spe":85},"ivs":{"hp":31,"atk":0,"def":31,"spa":31,"spd":31,"spe":31},"item":"Life Orb","level":79,"shiny":false,"hpType":"Fire"},{"name":"Comfey","species":"Comfey","moves":["uturn","toxic","aromatherapy","synthesis"],"ability":"Natural Cure","evs":{"hp":85,"atk":85,"def":85,"spa":85,"spd":85,"spe":85},"ivs":{"hp":31,"atk":31,"def":31,"spa":31,"spd":31,"spe":31},"item":"Leftovers","level":79,"shiny":false}],"p2team":[{"name":"Manectric","species":"Manectric","moves":["voltswitch","thunderbolt","overheat","hiddenpowergrass"],"ability":"Lightning Rod","evs":{"hp":85,"atk":0,"def":85,"spa":85,"spd":85,"spe":85},"ivs":{"hp":31,"atk":0,"def":31,"spa":31,"spd":31,"spe":31},"item":"Manectite","level":75,"shiny":false,"hpType":"Grass"},{"name":"Donphan","species":"Donphan","moves":["stealthrock","stoneedge","earthquake","iceshard"],"ability":"Sturdy","evs":{"hp":85,"atk":85,"def":85,"spa":85,"spd":85,"spe":85},"ivs":{"hp":31,"atk":31,"def":31,"spa":31,"spd":31,"spe":31},"item":"Leftovers","level":79,"shiny":false},{"name":"Tentacruel","species":"Tentacruel","moves":["knockoff","sludgebomb","toxicspikes","scald"],"ability":"Rain Dish","evs":{"hp":85,"atk":85,"def":85,"spa":85,"spd":85,"spe":85},"ivs":{"hp":31,"atk":31,"def":31,"spa":31,"spd":31,"spe":31},"item":"Life Orb","level":77,"shiny":false},{"name":"Regice","species":"Regice","moves":["thunderbolt","rockpolish","focusblast","icebeam"],"ability":"Clear Body","evs":{"hp":81,"atk":0,"def":85,"spa":85,"spd":85,"spe":85},"ivs":{"hp":31,"atk":0,"def":31,"spa":31,"spd":31,"spe":31},"item":"Weakness Policy","level":79,"shiny":false},{"name":"Tropius","species":"Tropius","moves":["protect","gigadrain","leechseed","airslash"],"ability":"Harvest","evs":{"hp":85,"atk":0,"def":85,"spa":85,"spd":85,"spe":85},"ivs":{"hp":31,"atk":0,"def":31,"spa":31,"spd":31,"spe":31},"item":"Sitrus Berry","level":79,"shiny":false},{"name":"Altaria","species":"Altaria","moves":["dragondance","healbell","earthquake","dragonclaw"],"ability":"Cloud Nine","evs":{"hp":81,"atk":85,"def":85,"spa":85,"spd":85,"spe":85},"ivs":{"hp":31,"atk":31,"def":31,"spa":31,"spd":31,"spe":31},"item":"Leftovers","level":79,"shiny":false}],"log":["|player|p1|Mr. McMeme|124","|player|p2|Cheese555|42","|gametype|singles","|gen|7","|tier|[Gen 7] BOOM BAM WE ARE ALL FARIES WE ARE BEST","|rated","|seed|16463,46552,16655,8389,893,37606,42783,30724,17517,35239,33945,5153","|rule|Sleep Clause Mod: Limit one foe put to sleep","|rule|HP Percentage Mod: HP is shown in percentages","|","|start","|switch|p1a: Torkoal|Torkoal, L79, M|100/100","|switch|p2a: Manectric|Manectric, L75, F|100/100","|-start|p2a: Manectric|typechange|Fairy|[silent]","|-start|p1a: Torkoal|typechange|Fairy|[silent]","|-weather|SunnyDay|[from] ability: Drought|[of] p1a: Torkoal","|turn|1","|choice|move solarbeam|move thunderbolt mega","|","|detailschange|p2a: Manectric|Manectric-Mega, L75, F","|-mega|p2a: Manectric|Manectric|Manectite","|-ability|p2a: Manectric|Intimidate|boost","|-unboost|p1a: Torkoal|atk|1","|-start|p2a: Manectric|typechange|Fairy|[silent]","|-enditem|p1a: Torkoal|White Herb","|-clearnegativeboost|p1a: Torkoal|[silent]","|move|p2a: Manectric|Thunderbolt|p1a: Torkoal","|-crit|p1a: Torkoal","|-damage|p1a: Torkoal|20/100","|move|p1a: Torkoal|Solar Beam|p2a: Manectric|[still]","|-prepare|p1a: Torkoal|Solar Beam|p2a: Manectric","|-anim|p1a: Torkoal|Solar Beam|p2a: Manectric","|-damage|p2a: Manectric|51/100","|","|-weather|SunnyDay|[upkeep]","|upkeep","|turn|2","|choice|move stealthrock|move thunderbolt","|","|move|p2a: Manectric|Thunderbolt|p1a: Torkoal","|-damage|p1a: Torkoal|0 fnt","|faint|p1a: Torkoal","|","|-weather|SunnyDay|[upkeep]","|upkeep","|choice|switch 2|","|","|switch|p1a: Sandslash|Sandslash-Alola, L79, F|100/100","|-start|p1a: Sandslash|typechange|Fairy|[silent]","|turn|3","|choice|move iciclecrash|move thunderbolt","|","|move|p2a: Manectric|Thunderbolt|p1a: Sandslash","|-damage|p1a: Sandslash|43/100","|move|p1a: Sandslash|Icicle Crash|p2a: Manectric|[miss]","|-miss|p1a: Sandslash|p2a: Manectric","|","|-weather|SunnyDay|[upkeep]","|-heal|p1a: Sandslash|49/100|[from] item: Leftovers","|upkeep","|turn|4","|choice|move ironhead|move thunderbolt","|","|move|p2a: Manectric|Thunderbolt|p1a: Sandslash","|-damage|p1a: Sandslash|0 fnt","|faint|p1a: Sandslash","|","|-weather|SunnyDay|[upkeep]","|upkeep","|choice|switch 5|","|","|switch|p1a: Bellossom|Bellossom, L79, F|100/100","|-start|p1a: Bellossom|typechange|Fairy|[silent]","|turn|5","|choice|move moonblast|move thunderbolt","|","|move|p1a: Bellossom|Moonblast|p2a: Manectric","|-damage|p2a: Manectric|0 fnt","|-damage|p1a: Bellossom|91/100|[from] item: Life Orb","|faint|p2a: Manectric","|","|-weather|none","|upkeep","|choice||switch 3","|","|switch|p2a: Tentacruel|Tentacruel, L77, F|100/100","|-start|p2a: Tentacruel|typechange|Fairy|[silent]","|turn|6","|choice|move moonblast|move sludgebomb","|","|move|p2a: Tentacruel|Sludge Bomb|p1a: Bellossom","|-damage|p1a: Bellossom|57/100","|-status|p1a: Bellossom|psn","|-damage|p2a: Tentacruel|90/100|[from] item: Life Orb","|move|p1a: Bellossom|Moonblast|p2a: Tentacruel","|-damage|p2a: Tentacruel|54/100","|-unboost|p2a: Tentacruel|spa|1","|-damage|p1a: Bellossom|48/100 psn|[from] item: Life Orb","|","|-damage|p1a: Bellossom|35/100 psn|[from] psn","|upkeep","|turn|7","|choice|move gigadrain|switch 2","|","|switch|p2a: Donphan|Donphan, L79, F|100/100","|-start|p2a: Donphan|typechange|Fairy|[silent]","|move|p1a: Bellossom|Giga Drain|p2a: Donphan","|-damage|p2a: Donphan|52/100","|-heal|p1a: Bellossom|62/100 psn|[from] drain|[of] p2a: Donphan","|-damage|p1a: Bellossom|53/100 psn|[from] item: Life Orb","|","|-heal|p2a: Donphan|58/100|[from] item: Leftovers","|-damage|p1a: Bellossom|40/100 psn|[from] psn","|upkeep","|turn|8","|choice|move gigadrain|move earthquake","|","|move|p1a: Bellossom|Giga Drain|p2a: Donphan","|-damage|p2a: Donphan|13/100","|-heal|p1a: Bellossom|65/100 psn|[from] drain|[of] p2a: Donphan","|-damage|p1a: Bellossom|55/100 psn|[from] item: Life Orb","|move|p2a: Donphan|Earthquake|p1a: Bellossom","|-damage|p1a: Bellossom|11/100 psn","|","|-heal|p2a: Donphan|20/100|[from] item: Leftovers","|-damage|p1a: Bellossom|0 fnt|[from] psn","|upkeep","|faint|p1a: Bellossom","|choice|switch 4|","|","|switch|p1a: Unown|Unown|100/100","|-start|p1a: Unown|typechange|Fairy|[silent]","|turn|9","|choice|move hiddenpower|move earthquake","|","|move|p1a: Unown|Hidden Power|p2a: Donphan","|-damage|p2a: Donphan|0 fnt","|faint|p2a: Donphan","|","|upkeep","|choice||switch 2","|","|switch|p2a: Tentacruel|Tentacruel, L77, F|54/100","|-start|p2a: Tentacruel|typechange|Fairy|[silent]","|turn|10","|choice|move hiddenpower|move sludgebomb","|","|move|p2a: Tentacruel|Sludge Bomb|p1a: Unown","|-damage|p1a: Unown|53/100","|-damage|p2a: Tentacruel|44/100|[from] item: Life Orb","|move|p1a: Unown|Hidden Power|p2a: Tentacruel","|-damage|p2a: Tentacruel|4/100","|","|upkeep","|turn|11","|choice|move hiddenpower|move sludgebomb","|","|move|p2a: Tentacruel|Sludge Bomb|p1a: Unown","|-damage|p1a: Unown|9/100","|-status|p1a: Unown|psn","|-damage|p2a: Tentacruel|0 fnt|[from] item: Life Orb","|faint|p2a: Tentacruel","|move|p1a: Unown|Hidden Power|p2: Tentacruel|[notarget]","|-notarget","|","|-damage|p1a: Unown|0 fnt|[from] psn","|upkeep","|faint|p1a: Unown","|choice|switch 3|switch 4","|","|switch|p2a: Regice|Regice, L79|100/100","|switch|p1a: Wormadam|Wormadam-Sandy, L79, F|100/100","|-start|p2a: Regice|typechange|Fairy|[silent]","|-start|p1a: Wormadam|typechange|Fairy|[silent]","|turn|12","|choice|move toxic|move icebeam","|","|move|p2a: Regice|Ice Beam|p1a: Wormadam","|-damage|p1a: Wormadam|62/100","|move|p1a: Wormadam|Toxic|p2a: Regice","|-status|p2a: Regice|tox","|","|-heal|p1a: Wormadam|68/100|[from] item: Leftovers","|-damage|p2a: Regice|95/100 tox|[from] psn","|upkeep","|turn|13","|choice|move rockblast|move icebeam","|","|move|p2a: Regice|Ice Beam|p1a: Wormadam","|-damage|p1a: Wormadam|22/100","|move|p1a: Wormadam|Rock Blast|p2a: Regice","|-damage|p2a: Regice|86/100 tox","|-damage|p2a: Regice|79/100 tox","|-damage|p2a: Regice|71/100 tox","|-hitcount|p2a: Regice|3","|","|-heal|p1a: Wormadam|28/100|[from] item: Leftovers","|-damage|p2a: Regice|59/100 tox|[from] psn","|upkeep","|turn|14","|choice|move earthquake|move icebeam","|","|move|p2a: Regice|Ice Beam|p1a: Wormadam","|-crit|p1a: Wormadam","|-damage|p1a: Wormadam|0 fnt","|faint|p1a: Wormadam","|","|-damage|p2a: Regice|42/100 tox|[from] psn","|upkeep","|choice|switch 6|","|","|switch|p1a: Comfey|Comfey, L79, F|100/100","|-start|p1a: Comfey|typechange|Fairy|[silent]","|turn|15","|choice|move uturn|move icebeam","|","|move|p1a: Comfey|U-turn|p2a: Regice","|-damage|p2a: Regice|25/100 tox","|move|p2a: Regice|Ice Beam|p1a: Comfey","|-damage|p1a: Comfey|63/100","|","|-heal|p1a: Comfey|69/100|[from] item: Leftovers","|-damage|p2a: Regice|1/100 tox|[from] psn","|upkeep","|turn|16","|choice|move uturn|move icebeam","|","|move|p1a: Comfey|U-turn|p2a: Regice","|-damage|p2a: Regice|0 fnt","|faint|p2a: Regice","|","|-heal|p1a: Comfey|75/100|[from] item: Leftovers","|upkeep","|choice||switch 6","|","|switch|p2a: Altaria|Altaria, L79, M|100/100","|-start|p2a: Altaria|typechange|Fairy|[silent]","|-ability|p2a: Altaria|Cloud Nine","|turn|17","|choice|move synthesis|move earthquake","|","|move|p1a: Comfey|Synthesis|p1a: Comfey","|-heal|p1a: Comfey|100/100","|move|p2a: Altaria|Earthquake|p1a: Comfey","|-damage|p1a: Comfey|63/100","|","|-heal|p1a: Comfey|69/100|[from] item: Leftovers","|upkeep","|turn|18","|choice|move uturn|move dragondance","|","|move|p1a: Comfey|U-turn|p2a: Altaria","|-damage|p2a: Altaria|81/100","|move|p2a: Altaria|Dragon Dance|p2a: Altaria","|-boost|p2a: Altaria|atk|1","|-boost|p2a: Altaria|spe|1","|","|-heal|p2a: Altaria|87/100|[from] item: Leftovers","|-heal|p1a: Comfey|75/100|[from] item: Leftovers","|upkeep","|turn|19","|choice|move toxic|move dragondance","|","|move|p2a: Altaria|Dragon Dance|p2a: Altaria","|-boost|p2a: Altaria|atk|1","|-boost|p2a: Altaria|spe|1","|move|p1a: Comfey|Toxic|p2a: Altaria","|-status|p2a: Altaria|tox","|","|-heal|p2a: Altaria|93/100 tox|[from] item: Leftovers","|-heal|p1a: Comfey|81/100|[from] item: Leftovers","|-damage|p2a: Altaria|87/100 tox|[from] psn","|upkeep","|turn|20","|choice|move uturn|move dragondance","|","|move|p2a: Altaria|Dragon Dance|p2a: Altaria","|-boost|p2a: Altaria|atk|1","|-boost|p2a: Altaria|spe|1","|move|p1a: Comfey|U-turn|p2a: Altaria","|-damage|p2a: Altaria|70/100 tox","|","|-heal|p2a: Altaria|76/100 tox|[from] item: Leftovers","|-heal|p1a: Comfey|88/100|[from] item: Leftovers","|-damage|p2a: Altaria|64/100 tox|[from] psn","|upkeep","|turn|21","|choice|move uturn|move earthquake","|","|move|p2a: Altaria|Earthquake|p1a: Comfey","|-damage|p1a: Comfey|0 fnt","|faint|p1a: Comfey","|","|win|Cheese555"],"p1rating":1000,"p2rating":1045,"endType":"normal","timestamp":"Fri Mar 31 2017 22:28:02 GMT+0000 (UTC)","id":"battle-gen7boombamweareallfarieswearebest-27512","format":"gen7boombamweareallfarieswearebest"}