{"seed":[26726,34547,46296,33686],"turns":18,"p1":"Yahooboo","p2":"charizard8888","p1team":[{"name":"Sthyndra","species":"sthyndra","item":"blacksludge","ability":"regenerator","moves":["dracometeor","spikes","toxicspikes","spikyshield"],"nature":"Calm","evs":{"hp":252,"atk":0,"def":0,"spa":4,"spd":252,"spe":0},"ivs":{"hp":31,"atk":0,"def":31,"spa":31,"spd":31,"spe":31},"level":100},{"name":"Denkikku","species":"denkikku","item":"choicescarf","ability":"reckless","moves":["highjumpkick","wildcharge","uturn","doubleedge"],"nature":"Adamant","evs":{"hp":0,"atk":252,"def":0,"spa":0,"spd":4,"spe":252},"level":100,"ivs":{"hp":31,"atk":31,"def":31,"spa":31,"spd":31,"spe":31}},{"name":"Dracolyte","species":"dracolyte","item":"choicespecs","ability":"levitate","moves":["fireblast","thunderbolt","dracometeor","voltswitch"],"nature":"Modest","evs":{"hp":252,"atk":0,"def":0,"spa":252,"spd":4,"spe":0},"ivs":{"hp":31,"atk":0,"def":31,"spa":31,"spd":31,"spe":31},"level":100},{"name":"Steelicillo","species":"steelicillo","item":"focussash","ability":"blaze","moves":["shellsmash","flamethrower","flashcannon","earthpower"],"nature":"Modest","evs":{"hp":0,"atk":0,"def":0,"spa":252,"spd":4,"spe":252},"ivs":{"hp":31,"atk":0,"def":31,"spa":31,"spd":31,"spe":31},"level":100},{"name":"Dorshellical","species":"dorshellical","item":"leftovers","ability":"torrent","moves":["swordsdance","iceshard","stockpile","batonpass"],"nature":"Impish","evs":{"hp":252,"atk":0,"def":252,"spa":0,"spd":4,"spe":0},"level":100,"ivs":{"hp":31,"atk":31,"def":31,"spa":31,"spd":31,"spe":31}},{"name":"Froxic","species":"froxic","item":"psychiumz","ability":"adaptability","moves":["sludgebomb","icebeam","shadowball","trick"],"nature":"Modest","evs":{"hp":252,"atk":0,"def":0,"spa":252,"spd":0,"spe":4},"ivs":{"hp":31,"atk":0,"def":31,"spa":31,"spd":31,"spe":31},"level":100}],"p2team":[{"name":"Fungarai","species":"fungarai","item":"lifeorb","ability":"moxie","moves":["woodhammer","earthquake","xscissor","uturn"],"nature":"Adamant","evs":{"hp":252,"atk":252,"def":0,"spa":0,"spd":4,"spe":0},"level":100,"ivs":{"hp":31,"atk":31,"def":31,"spa":31,"spd":31,"spe":31}},{"name":"Steelicillo","species":"steelicillo","item":"focussash","ability":"filter","moves":["shellsmash","flamethrower","flashcannon","energyball"],"nature":"Modest","evs":{"hp":0,"atk":0,"def":0,"spa":252,"spd":4,"spe":252},"ivs":{"hp":31,"atk":0,"def":31,"spa":31,"spd":31,"spe":31},"level":100},{"name":"Dorshellical","species":"dorshellical","item":"leftovers","ability":"raindish","moves":["raindance","iceshard","aquajet","avalanche"],"nature":"","level":100,"evs":{"hp":0,"atk":0,"def":0,"spa":0,"spd":0,"spe":0},"ivs":{"hp":31,"atk":31,"def":31,"spa":31,"spd":31,"spe":31}},{"name":"Sparkideer","species":"sparkideer","item":"splashplate","ability":"trace","moves":["crazypunch","powerball","flamingbarrier","crystalblast"],"nature":"","level":100,"evs":{"hp":0,"atk":0,"def":0,"spa":0,"spd":0,"spe":0},"ivs":{"hp":31,"atk":31,"def":31,"spa":31,"spd":31,"spe":31}},{"name":"Sciuridark","species":"sciuridark","item":"splashplate","ability":"trace","moves":["crazypunch","powerball","protect","shadedclaws"],"nature":"","ivs":{"hp":31,"atk":0,"def":31,"spa":31,"spd":31,"spe":31},"level":100,"evs":{"hp":0,"atk":0,"def":0,"spa":0,"spd":0,"spe":0}},{"name":"Tubi","species":"tubi","item":"","ability":"serenegrace","moves":["vcreate","brambles","excitementpunch","sweetstrike"],"nature":"","level":100,"evs":{"hp":0,"atk":0,"def":0,"spa":0,"spd":0,"spe":0},"ivs":{"hp":31,"atk":31,"def":31,"spa":31,"spd":31,"spe":31}}],"log":["|player|p1|Yahooboo|127","|player|p2|charizard8888|charizard8888.png","|raw|<div class=\"infobox\">&bullet; <a href=http://www.smogon.com/forums/threads/pokemon-the-new-first-gen-submissions-for-new-pokemon-over.3578653/>Pokemon: The New First Generation</a></div>","|gametype|singles","|gen|7","|tier|[Gen 7] Pokemon: The New First Generation","|rated","|seed|26726,34547,46296,33686","|rule|Sleep Clause Mod: Limit one foe put to sleep","|rule|Species Clause: Limit one of each Pokémon","|rule|Moody Clause: Moody is banned","|rule|Evasion Moves Clause: Evasion moves are banned","|rule|Endless Battle Clause: Forcing endless battles is banned","|rule|HP Percentage Mod: HP is shown in percentages","|clearpoke","|poke|p1|sthyndra, F|item","|poke|p1|denkikku, F|item","|poke|p1|dracolyte, F|item","|poke|p1|steelicillo, M|item","|poke|p1|dorshellical, F|item","|poke|p1|froxic, F|item","|poke|p2|fungarai, M|item","|poke|p2|steelicillo, M|item","|poke|p2|dorshellical, F|item","|poke|p2|sparkideer, F|item","|poke|p2|sciuridark, F|item","|poke|p2|tubi, F|","|rule|Swagger Clause: Swagger is banned","|rule|Baton Pass Clause: Limit one Baton Passer, can't pass Spe and other stats simultaneously","|teampreview","|choice|team 1, team 2, team 3, team 4, team 5, team 6|team 5, team 2, team 3, team 4, team 1, team 6","|","|start","|switch|p1a: Sthyndra|sthyndra, F|464/464","|switch|p2a: Sciuridark|sciuridark, F|311/311","|-ability|p2a: Sciuridark|Regenerator|[from] ability: Trace|[of] p1a: Sthyndra","|turn|1","|choice|move spikyshield|move shadedclaws","|","|move|p1a: Sthyndra|Spiky Shield|p1a: Sthyndra","|-singleturn|p1a: Sthyndra|move: Protect","|move|p2a: Sciuridark|Shaded Claws|p1a: Sthyndra","|-activate|p1a: Sthyndra|move: Protect","|-damage|p2a: Sciuridark|273/311|[from] Spiky Shield|[of] p1a: Sthyndra","|","|upkeep","|turn|2","|choice|move spikes|move shadedclaws","|","|move|p2a: Sciuridark|Shaded Claws|p1a: Sthyndra","|-damage|p1a: Sthyndra|428/464","|-damage|p1a: Sthyndra|393/464","|-hitcount|p1a: Sthyndra|2","|move|p1a: Sthyndra|Spikes|p2a: Sciuridark","|-sidestart|p2: charizard8888|Spikes","|","|-heal|p1a: Sthyndra|422/464|[from] item: Black Sludge","|upkeep","|turn|3","|choice|move spikes|move shadedclaws","|","|move|p2a: Sciuridark|Shaded Claws|p1a: Sthyndra","|-damage|p1a: Sthyndra|389/464","|-damage|p1a: Sthyndra|356/464","|-hitcount|p1a: Sthyndra|2","|move|p1a: Sthyndra|Spikes|p2a: Sciuridark","|-sidestart|p2: charizard8888|Spikes","|","|-heal|p1a: Sthyndra|385/464|[from] item: Black Sludge","|upkeep","|turn|4","|choice|move spikes|move shadedclaws","|","|move|p2a: Sciuridark|Shaded Claws|p1a: Sthyndra","|-damage|p1a: Sthyndra|353/464","|-damage|p1a: Sthyndra|323/464","|-hitcount|p1a: Sthyndra|2","|move|p1a: Sthyndra|Spikes|p2a: Sciuridark","|-sidestart|p2: charizard8888|Spikes","|","|-heal|p1a: Sthyndra|352/464|[from] item: Black Sludge","|upkeep","|turn|5","|choice|move spikyshield|move powerball","|","|move|p1a: Sthyndra|Spiky Shield|p1a: Sthyndra","|-singleturn|p1a: Sthyndra|move: Protect","|move|p2a: Sciuridark|Power Ball|p1a: Sthyndra","|-activate|p1a: Sthyndra|move: Protect","|","|-heal|p1a: Sthyndra|381/464|[from] item: Black Sludge","|upkeep","|turn|6","|choice|move toxicspikes|move crazypunch","|","|move|p2a: Sciuridark|Crazy Punch|p1a: Sthyndra","|-resisted|p1a: Sthyndra","|-crit|p1a: Sthyndra","|-damage|p1a: Sthyndra|339/464","|-boost|p1a: Sthyndra|atk|2","|move|p1a: Sthyndra|Toxic Spikes|p2a: Sciuridark","|-sidestart|p2: charizard8888|move: Toxic Spikes","|","|-heal|p1a: Sthyndra|368/464|[from] item: Black Sludge","|upkeep","|turn|7","|choice|move toxicspikes|move powerball","|","|move|p2a: Sciuridark|Power Ball|p1a: Sthyndra","|-resisted|p1a: Sthyndra","|-damage|p1a: Sthyndra|359/464","|move|p1a: Sthyndra|Toxic Spikes|p2a: Sciuridark","|-sidestart|p2: charizard8888|move: Toxic Spikes","|","|-heal|p1a: Sthyndra|388/464|[from] item: Black Sludge","|upkeep","|turn|8","|choice|move spikyshield|switch 6","|","|switch|p2a: Tubi|tubi, F|227/227","|-damage|p2a: Tubi|171/227|[from] Spikes","|-status|p2a: Tubi|tox","|move|p1a: Sthyndra|Spiky Shield|p1a: Sthyndra","|-fail|p1a: Sthyndra","|","|-heal|p1a: Sthyndra|417/464|[from] item: Black Sludge","|-damage|p2a: Tubi|157/227 tox|[from] psn","|upkeep","|turn|9","|choice|move dracometeor|move brambles","|","|move|p2a: Tubi|Brambles|p1a: Sthyndra","|-sidestart|p1: Yahooboo|move: Brambles","|move|p1a: Sthyndra|Draco Meteor|p2a: Tubi","|-damage|p2a: Tubi|0 fnt","|-unboost|p1a: Sthyndra|spa|2","|faint|p2a: Tubi","|","|-heal|p1a: Sthyndra|446/464|[from] item: Black Sludge","|upkeep","|choice||switch 6","|","|switch|p2a: Sciuridark|sciuridark, F|311/311","|-status|p2a: Sciuridark|tox","|-damage|p2a: Sciuridark|234/311 tox|[from] Spikes","|-ability|p2a: Sciuridark|Regenerator|[from] ability: Trace|[of] p1a: Sthyndra","|turn|10","|choice|move spikyshield|move crazypunch","|","|move|p1a: Sthyndra|Spiky Shield|p1a: Sthyndra","|-singleturn|p1a: Sthyndra|move: Protect","|move|p2a: Sciuridark|Crazy Punch|p1a: Sthyndra","|-activate|p1a: Sthyndra|move: Protect","|-damage|p2a: Sciuridark|196/311 tox|[from] Spiky Shield|[of] p1a: Sthyndra","|","|-heal|p1a: Sthyndra|464/464|[from] item: Black Sludge","|-damage|p2a: Sciuridark|177/311 tox|[from] psn","|upkeep","|turn|11","|choice|switch 5|move crazypunch","|","|switch|p1a: Dorshellical|dorshellical, F|452/452","|-damage|p1a: Dorshellical|339/452|[from] Brambles","|move|p2a: Sciuridark|Crazy Punch|p1a: Dorshellical","|-supereffective|p1a: Dorshellical","|-crit|p1a: Dorshellical","|-damage|p1a: Dorshellical|249/452","|-boost|p1a: Dorshellical|atk|2","|","|-heal|p1a: Dorshellical|277/452|[from] item: Leftovers","|-damage|p2a: Sciuridark|139/311 tox|[from] psn","|upkeep","|turn|12","|choice|move stockpile|move shadedclaws","|","|move|p2a: Sciuridark|Shaded Claws|p1a: Dorshellical","|-damage|p1a: Dorshellical|257/452","|-damage|p1a: Dorshellical|237/452","|-hitcount|p1a: Dorshellical|2","|move|p1a: Dorshellical|Stockpile|p1a: Dorshellical","|-start|p1a: Dorshellical|stockpile1","|-boost|p1a: Dorshellical|def|1","|-boost|p1a: Dorshellical|spd|1","|","|-heal|p1a: Dorshellical|265/452|[from] item: Leftovers","|-damage|p2a: Sciuridark|82/311 tox|[from] psn","|upkeep","|turn|13","|choice|move stockpile|move shadedclaws","|","|move|p2a: Sciuridark|Shaded Claws|p1a: Dorshellical","|-damage|p1a: Dorshellical|251/452","|-damage|p1a: Dorshellical|237/452","|-hitcount|p1a: Dorshellical|2","|move|p1a: Dorshellical|Stockpile|p1a: Dorshellical","|-start|p1a: Dorshellical|stockpile2","|-boost|p1a: Dorshellical|def|1","|-boost|p1a: Dorshellical|spd|1","|","|-heal|p1a: Dorshellical|265/452|[from] item: Leftovers","|-damage|p2a: Sciuridark|6/311 tox|[from] psn","|upkeep","|turn|14","|choice|move batonpass|move shadedclaws","|","|move|p2a: Sciuridark|Shaded Claws|p1a: Dorshellical","|-damage|p1a: Dorshellical|255/452","|-damage|p1a: Dorshellical|245/452","|-hitcount|p1a: Dorshellical|2","|move|p1a: Dorshellical|Baton Pass|p1a: Dorshellical","|choice|switch 2|","|","|switch|p1a: Denkikku|denkikku, F|261/261","|-damage|p1a: Denkikku|229/261|[from] Brambles","|","|-damage|p2a: Sciuridark|0 fnt|[from] psn","|upkeep","|faint|p2a: Sciuridark","|choice||switch 5","|","|switch|p2a: Fungarai|fungarai, M|344/344","|-status|p2a: Fungarai|tox","|-damage|p2a: Fungarai|258/344 tox|[from] Spikes","|turn|15","|choice|move highjumpkick|move woodhammer","|","|move|p1a: Denkikku|High Jump Kick|p2a: Fungarai","|-damage|p2a: Fungarai|0 fnt","|faint|p2a: Fungarai","|","|upkeep","|choice||switch 3","|","|switch|p2a: Dorshellical|dorshellical, F|389/389","|-status|p2a: Dorshellical|tox","|-damage|p2a: Dorshellical|292/389 tox|[from] Spikes","|turn|16","|choice|move highjumpkick|move aquajet","|","|move|p2a: Dorshellical|Aqua Jet|p1a: Denkikku","|-damage|p1a: Denkikku|193/261","|move|p1a: Denkikku|High Jump Kick|p2a: Dorshellical","|-supereffective|p2a: Dorshellical","|-damage|p2a: Dorshellical|0 fnt","|faint|p2a: Dorshellical","|","|upkeep","|choice||switch 4","|","|switch|p2a: Sparkideer|sparkideer, F|261/261","|-status|p2a: Sparkideer|tox","|-damage|p2a: Sparkideer|196/261 tox|[from] Spikes","|-ability|p2a: Sparkideer|Reckless|[from] ability: Trace|[of] p1a: Denkikku","|turn|17","|choice|move highjumpkick|move crystalblast","|","|move|p1a: Denkikku|High Jump Kick|p2a: Sparkideer","|-damage|p2a: Sparkideer|0 fnt","|faint|p2a: Sparkideer","|","|upkeep","|choice||switch 2","|","|switch|p2a: Steelicillo|steelicillo, M|325/325","|-damage|p2a: Steelicillo|244/325|[from] Spikes","|turn|18","|choice|move highjumpkick|move flamethrower","|","|move|p1a: Denkikku|High Jump Kick|p2a: Steelicillo","|-supereffective|p2a: Steelicillo","|-crit|p2a: Steelicillo","|-damage|p2a: Steelicillo|0 fnt","|faint|p2a: Steelicillo","|","|win|Yahooboo"],"p1rating":1045,"p2rating":1000,"endType":"normal","timestamp":"Sun Feb 12 2017 11:20:53 GMT+0000 (UTC)","id":"battle-gen7pokemonthenewfirstgeneration-18095","format":"gen7pokemonthenewfirstgeneration"}